Motif_name	Motif_ID	TF_Name	TF_Species	TF_ID	Family_ID	TSource_ID	MSource_ID	DBID	TF_Status	Family_Name	DBDs	DBD_Count	Cutoff	DBID.1	Motif_Type	MSource_Identifier	MSource_Type	PMID	SR_Model	SR_NoThreshold	TfSource_Name	TfSource_URL	uniprot.Swiss-Prot	uniprot.TrEMBL
M00217_2.00_ZNF200_Homo_sapiens	M00217_2.00	ZNF200	Homo_sapiens	T094778_2.00	F135_2.00	TS12_2.00	MS04_2.00	ENSG00000010539	D	C2H2 ZF	zf-C2H2	1	0.755454495539129	ZNF200_H322Y	PBM	Barrera2016	PBM	27013732	SimilarityRegression	0	Ensembl	http://www.ensembl.org/	P98182	['I3L1E4', 'B3KP91']
M00218_2.00_ZNF200_Homo_sapiens	M00218_2.00	ZNF200	Homo_sapiens	T094778_2.00	F135_2.00	TS12_2.00	MS04_2.00	ENSG00000010539	D	C2H2 ZF	zf-C2H2	1	0.755454495539129	ZNF200_REF	PBM	Barrera2016	PBM	27013732	SimilarityRegression	0	Ensembl	http://www.ensembl.org/	P98182	['I3L1E4', 'B3KP91']
M00219_2.00_ZNF200_Homo_sapiens	M00219_2.00	ZNF200	Homo_sapiens	T094778_2.00	F135_2.00	TS12_2.00	MS04_2.00	ENSG00000010539	D	C2H2 ZF	zf-C2H2	1	0.755454495539129	ZNF200_S265Y	PBM	Barrera2016	PBM	27013732	SimilarityRegression	0	Ensembl	http://www.ensembl.org/	P98182	['I3L1E4', 'B3KP91']
M08232_2.00_ZNF200_Homo_sapiens	M08232_2.00	ZNF200	Homo_sapiens	T094778_2.00	F135_2.00	TS12_2.00	MS43_2.00	ENSG00000010539	D	C2H2 ZF	zf-C2H2	1	0.755454495539129	ZNF200	ChIP-seq	Najafabadi2015b	ChIP-seq	25690854	SimilarityRegression	0	Ensembl	http://www.ensembl.org/	P98182	['I3L1E4', 'B3KP91']
M08273_2.00_ZNF200_Homo_sapiens	M08273_2.00	ZNF200	Homo_sapiens	T094778_2.00	F135_2.00	TS12_2.00	MS52_2.00	ENSG00000010539	D	C2H2 ZF	zf-C2H2	1	0.755454495539129	P98182_2-5.RCADE	ChIP-seq	Schmitges2016	ChIP-seq	27852650	SimilarityRegression	0	Ensembl	http://www.ensembl.org/	P98182	['I3L1E4', 'B3KP91']
M00220_2.00_SNAI2_Homo_sapiens	M00220_2.00	SNAI2	Homo_sapiens	T094783_2.00	F135_2.00	TS12_2.00	MS04_2.00	ENSG00000019549	D	C2H2 ZF	zf-C2H2	1	0.755454495539129	SNAI2_D119E	PBM	Barrera2016	PBM	27013732	SimilarityRegression	0	Ensembl	http://www.ensembl.org/	O43623	A0A1X7SC17
M00221_2.00_SNAI2_Homo_sapiens	M00221_2.00	SNAI2	Homo_sapiens	T094783_2.00	F135_2.00	TS12_2.00	MS04_2.00	ENSG00000019549	D	C2H2 ZF	zf-C2H2	1	0.755454495539129	SNAI2_REF	PBM	Barrera2016	PBM	27013732	SimilarityRegression	0	Ensembl	http://www.ensembl.org/	O43623	A0A1X7SC17
M00222_2.00_SNAI2_Homo_sapiens	M00222_2.00	SNAI2	Homo_sapiens	T094783_2.00	F135_2.00	TS12_2.00	MS04_2.00	ENSG00000019549	D	C2H2 ZF	zf-C2H2	1	0.755454495539129	SNAI2_T234I	PBM	Barrera2016	PBM	27013732	SimilarityRegression	0	Ensembl	http://www.ensembl.org/	O43623	A0A1X7SC17
M02873_2.00_SNAI2_Homo_sapiens	M02873_2.00	SNAI2	Homo_sapiens	T094783_2.00	F135_2.00	TS12_2.00	MS33_2.00	ENSG00000019549	D	C2H2 ZF	zf-C2H2	1	0.755454495539129	SNAI2_1	SELEX	Jolma2013	SELEX	23332764	SimilarityRegression	0	Ensembl	http://www.ensembl.org/	O43623	A0A1X7SC17
M04392_2.00_SNAI2_Homo_sapiens	M04392_2.00	SNAI2	Homo_sapiens	T094783_2.00	F135_2.00	TS12_2.00	MS62_2.00	ENSG00000019549	D	C2H2 ZF	zf-C2H2	1	0.755454495539129	SNAI2_eDBD_HT-SELEX	SELEX	Yin2017	SELEX	28473536	SimilarityRegression	0	Ensembl	http://www.ensembl.org/	O43623	A0A1X7SC17
M04393_2.00_SNAI2_Homo_sapiens	M04393_2.00	SNAI2	Homo_sapiens	T094783_2.00	F135_2.00	TS12_2.00	MS62_2.00	ENSG00000019549	D	C2H2 ZF	zf-C2H2	1	0.755454495539129	SNAI2_eDBD_Methyl-HT-SELEX	SELEX	Yin2017	SELEX	28473536	SimilarityRegression	0	Ensembl	http://www.ensembl.org/	O43623	A0A1X7SC17
M04394_2.00_SNAI2_Homo_sapiens	M04394_2.00	SNAI2	Homo_sapiens	T094783_2.00	F135_2.00	TS12_2.00	MS62_2.00	ENSG00000019549	D	C2H2 ZF	zf-C2H2	1	0.755454495539129	SNAI2_FL_HT-SELEX	SELEX	Yin2017	SELEX	28473536	SimilarityRegression	0	Ensembl	http://www.ensembl.org/	O43623	A0A1X7SC17
M04395_2.00_SNAI2_Homo_sapiens	M04395_2.00	SNAI2	Homo_sapiens	T094783_2.00	F135_2.00	TS12_2.00	MS62_2.00	ENSG00000019549	D	C2H2 ZF	zf-C2H2	1	0.755454495539129	SNAI2_FL_Methyl-HT-SELEX	SELEX	Yin2017	SELEX	28473536	SimilarityRegression	0	Ensembl	http://www.ensembl.org/	O43623	A0A1X7SC17
M00223_2.00_KLF1_Homo_sapiens	M00223_2.00	KLF1	Homo_sapiens	T094840_2.00	F135_2.00	TS12_2.00	MS04_2.00	ENSG00000105610	D	C2H2 ZF	zf-C2H2	1	0.755454495539129	KLF1_E325K	PBM	Barrera2016	PBM	27013732	SimilarityRegression	0	Ensembl	http://www.ensembl.org/	Q13351	None
M00224_2.00_KLF1_Homo_sapiens	M00224_2.00	KLF1	Homo_sapiens	T094840_2.00	F135_2.00	TS12_2.00	MS04_2.00	ENSG00000105610	D	C2H2 ZF	zf-C2H2	1	0.755454495539129	KLF1_H299Y	PBM	Barrera2016	PBM	27013732	SimilarityRegression	0	Ensembl	http://www.ensembl.org/	Q13351	None
M00225_2.00_KLF1_Homo_sapiens	M00225_2.00	KLF1	Homo_sapiens	T094840_2.00	F135_2.00	TS12_2.00	MS04_2.00	ENSG00000105610	D	C2H2 ZF	zf-C2H2	1	0.755454495539129	KLF1_R328H	PBM	Barrera2016	PBM	27013732	SimilarityRegression	0	Ensembl	http://www.ensembl.org/	Q13351	None
M00226_2.00_KLF1_Homo_sapiens	M00226_2.00	KLF1	Homo_sapiens	T094840_2.00	F135_2.00	TS12_2.00	MS04_2.00	ENSG00000105610	D	C2H2 ZF	zf-C2H2	1	0.755454495539129	KLF1_REF	PBM	Barrera2016	PBM	27013732	SimilarityRegression	0	Ensembl	http://www.ensembl.org/	Q13351	None
M08293_2.00_KLF1_Homo_sapiens	M08293_2.00	KLF1	Homo_sapiens	T094840_2.00	F135_2.00	TS12_2.00	MS52_2.00	ENSG00000105610	D	C2H2 ZF	zf-C2H2	1	0.755454495539129	Q13351.MEME	ChIP-seq	Schmitges2016	ChIP-seq	27852650	SimilarityRegression	0	Ensembl	http://www.ensembl.org/	Q13351	None
M00227_2.00_BCL6_Homo_sapiens	M00227_2.00	BCL6	Homo_sapiens	T094856_2.00	F135_2.00	TS12_2.00	MS04_2.00	ENSG00000113916	D	C2H2 ZF	zf-C2H2	1	0.755454495539129	BCL6_H676Y	PBM	Barrera2016	PBM	27013732	SimilarityRegression	0	Ensembl	http://www.ensembl.org/	P41182	['C9JCS5', 'B5B0A5', 'C9JL16', 'A0A0C4DH53']
M00228_2.00_BCL6_Homo_sapiens	M00228_2.00	BCL6	Homo_sapiens	T094856_2.00	F135_2.00	TS12_2.00	MS04_2.00	ENSG00000113916	D	C2H2 ZF	zf-C2H2	1	0.755454495539129	BCL6_REF	PBM	Barrera2016	PBM	27013732	SimilarityRegression	0	Ensembl	http://www.ensembl.org/	P41182	['C9JCS5', 'B5B0A5', 'C9JL16', 'A0A0C4DH53']
M04424_2.00_BCL6_Homo_sapiens	M04424_2.00	BCL6	Homo_sapiens	T094856_2.00	F135_2.00	TS12_2.00	MS62_2.00	ENSG00000113916	D	C2H2 ZF	zf-C2H2	1	0.755454495539129	BCL6_eDBD_HT-SELEX_1	SELEX	Yin2017	SELEX	28473536	SimilarityRegression	0	Ensembl	http://www.ensembl.org/	P41182	['C9JCS5', 'B5B0A5', 'C9JL16', 'A0A0C4DH53']
M04425_2.00_BCL6_Homo_sapiens	M04425_2.00	BCL6	Homo_sapiens	T094856_2.00	F135_2.00	TS12_2.00	MS62_2.00	ENSG00000113916	D	C2H2 ZF	zf-C2H2	1	0.755454495539129	BCL6_eDBD_HT-SELEX_2	SELEX	Yin2017	SELEX	28473536	SimilarityRegression	0	Ensembl	http://www.ensembl.org/	P41182	['C9JCS5', 'B5B0A5', 'C9JL16', 'A0A0C4DH53']
M04426_2.00_BCL6_Homo_sapiens	M04426_2.00	BCL6	Homo_sapiens	T094856_2.00	F135_2.00	TS12_2.00	MS62_2.00	ENSG00000113916	D	C2H2 ZF	zf-C2H2	1	0.755454495539129	BCL6_eDBD_Methyl-HT-SELEX_1	SELEX	Yin2017	SELEX	28473536	SimilarityRegression	0	Ensembl	http://www.ensembl.org/	P41182	['C9JCS5', 'B5B0A5', 'C9JL16', 'A0A0C4DH53']
M04427_2.00_BCL6_Homo_sapiens	M04427_2.00	BCL6	Homo_sapiens	T094856_2.00	F135_2.00	TS12_2.00	MS62_2.00	ENSG00000113916	D	C2H2 ZF	zf-C2H2	1	0.755454495539129	BCL6_eDBD_Methyl-HT-SELEX_2	SELEX	Yin2017	SELEX	28473536	SimilarityRegression	0	Ensembl	http://www.ensembl.org/	P41182	['C9JCS5', 'B5B0A5', 'C9JL16', 'A0A0C4DH53']
M00229_2.00_EGR2_Homo_sapiens	M00229_2.00	EGR2	Homo_sapiens	T094882_2.00	F135_2.00	TS12_2.00	MS04_2.00	ENSG00000122877	D	C2H2 ZF	zf-C2H2	1	0.755454495539129	EGR2_D383Y	PBM	Barrera2016	PBM	27013732	SimilarityRegression	0	Ensembl	http://www.ensembl.org/	P11161	A0A1B0GUL0
M00230_2.00_EGR2_Homo_sapiens	M00230_2.00	EGR2	Homo_sapiens	T094882_2.00	F135_2.00	TS12_2.00	MS04_2.00	ENSG00000122877	D	C2H2 ZF	zf-C2H2	1	0.755454495539129	EGR2_E412K	PBM	Barrera2016	PBM	27013732	SimilarityRegression	0	Ensembl	http://www.ensembl.org/	P11161	A0A1B0GUL0
M00231_2.00_EGR2_Homo_sapiens	M00231_2.00	EGR2	Homo_sapiens	T094882_2.00	F135_2.00	TS12_2.00	MS04_2.00	ENSG00000122877	D	C2H2 ZF	zf-C2H2	1	0.755454495539129	EGR2_R359W	PBM	Barrera2016	PBM	27013732	SimilarityRegression	0	Ensembl	http://www.ensembl.org/	P11161	A0A1B0GUL0
M00232_2.00_EGR2_Homo_sapiens	M00232_2.00	EGR2	Homo_sapiens	T094882_2.00	F135_2.00	TS12_2.00	MS04_2.00	ENSG00000122877	D	C2H2 ZF	zf-C2H2	1	0.755454495539129	EGR2_R409W	PBM	Barrera2016	PBM	27013732	SimilarityRegression	0	Ensembl	http://www.ensembl.org/	P11161	A0A1B0GUL0
M00233_2.00_EGR2_Homo_sapiens	M00233_2.00	EGR2	Homo_sapiens	T094882_2.00	F135_2.00	TS12_2.00	MS04_2.00	ENSG00000122877	D	C2H2 ZF	zf-C2H2	1	0.755454495539129	EGR2_REF	PBM	Barrera2016	PBM	27013732	SimilarityRegression	0	Ensembl	http://www.ensembl.org/	P11161	A0A1B0GUL0
M02885_2.00_EGR2_Homo_sapiens	M02885_2.00	EGR2	Homo_sapiens	T094882_2.00	F135_2.00	TS12_2.00	MS33_2.00	ENSG00000122877	D	C2H2 ZF	zf-C2H2	1	0.755454495539129	EGR2_1	SELEX	Jolma2013	SELEX	23332764	SimilarityRegression	0	Ensembl	http://www.ensembl.org/	P11161	A0A1B0GUL0
M02886_2.00_EGR2_Homo_sapiens	M02886_2.00	EGR2	Homo_sapiens	T094882_2.00	F135_2.00	TS12_2.00	MS33_2.00	ENSG00000122877	D	C2H2 ZF	zf-C2H2	1	0.755454495539129	EGR2_2	SELEX	Jolma2013	SELEX	23332764	SimilarityRegression	0	Ensembl	http://www.ensembl.org/	P11161	A0A1B0GUL0
M04439_2.00_EGR2_Homo_sapiens	M04439_2.00	EGR2	Homo_sapiens	T094882_2.00	F135_2.00	TS12_2.00	MS62_2.00	ENSG00000122877	D	C2H2 ZF	zf-C2H2	1	0.755454495539129	EGR2_FL_HT-SELEX	SELEX	Yin2017	SELEX	28473536	SimilarityRegression	0	Ensembl	http://www.ensembl.org/	P11161	A0A1B0GUL0
M04440_2.00_EGR2_Homo_sapiens	M04440_2.00	EGR2	Homo_sapiens	T094882_2.00	F135_2.00	TS12_2.00	MS62_2.00	ENSG00000122877	D	C2H2 ZF	zf-C2H2	1	0.755454495539129	EGR2_FL_Methyl-HT-SELEX	SELEX	Yin2017	SELEX	28473536	SimilarityRegression	0	Ensembl	http://www.ensembl.org/	P11161	A0A1B0GUL0
M08302_2.00_EGR2_Homo_sapiens	M08302_2.00	EGR2	Homo_sapiens	T094882_2.00	F135_2.00	TS12_2.00	MS52_2.00	ENSG00000122877	D	C2H2 ZF	zf-C2H2	1	0.755454495539129	P11161_1-3.RCADE	ChIP-seq	Schmitges2016	ChIP-seq	27852650	SimilarityRegression	0	Ensembl	http://www.ensembl.org/	P11161	A0A1B0GUL0
M00234_2.00_OVOL2_Homo_sapiens	M00234_2.00	OVOL2	Homo_sapiens	T094895_2.00	F135_2.00	TS12_2.00	MS04_2.00	ENSG00000125850	D	C2H2 ZF	zf-C2H2	1	0.755454495539129	OVOL2_D228E	PBM	Barrera2016	PBM	27013732	SimilarityRegression	0	Ensembl	http://www.ensembl.org/	Q9BRP0	None
M00235_2.00_OVOL2_Homo_sapiens	M00235_2.00	OVOL2	Homo_sapiens	T094895_2.00	F135_2.00	TS12_2.00	MS04_2.00	ENSG00000125850	D	C2H2 ZF	zf-C2H2	1	0.755454495539129	OVOL2_REF	PBM	Barrera2016	PBM	27013732	SimilarityRegression	0	Ensembl	http://www.ensembl.org/	Q9BRP0	None
M04445_2.00_OVOL2_Homo_sapiens	M04445_2.00	OVOL2	Homo_sapiens	T094895_2.00	F135_2.00	TS12_2.00	MS62_2.00	ENSG00000125850	D	C2H2 ZF	zf-C2H2	1	0.755454495539129	OVOL2_eDBD_HT-SELEX	SELEX	Yin2017	SELEX	28473536	SimilarityRegression	0	Ensembl	http://www.ensembl.org/	Q9BRP0	None
M04446_2.00_OVOL2_Homo_sapiens	M04446_2.00	OVOL2	Homo_sapiens	T094895_2.00	F135_2.00	TS12_2.00	MS62_2.00	ENSG00000125850	D	C2H2 ZF	zf-C2H2	1	0.755454495539129	OVOL2_eDBD_Methyl-HT-SELEX	SELEX	Yin2017	SELEX	28473536	SimilarityRegression	0	Ensembl	http://www.ensembl.org/	Q9BRP0	None
M04447_2.00_OVOL2_Homo_sapiens	M04447_2.00	OVOL2	Homo_sapiens	T094895_2.00	F135_2.00	TS12_2.00	MS62_2.00	ENSG00000125850	D	C2H2 ZF	zf-C2H2	1	0.755454495539129	OVOL2_FL_HT-SELEX	SELEX	Yin2017	SELEX	28473536	SimilarityRegression	0	Ensembl	http://www.ensembl.org/	Q9BRP0	None
M04448_2.00_OVOL2_Homo_sapiens	M04448_2.00	OVOL2	Homo_sapiens	T094895_2.00	F135_2.00	TS12_2.00	MS62_2.00	ENSG00000125850	D	C2H2 ZF	zf-C2H2	1	0.755454495539129	OVOL2_FL_Methyl-HT-SELEX	SELEX	Yin2017	SELEX	28473536	SimilarityRegression	0	Ensembl	http://www.ensembl.org/	Q9BRP0	None
M00236_2.00_GFI1_Homo_sapiens	M00236_2.00	GFI1	Homo_sapiens	T095016_2.00	F135_2.00	TS12_2.00	MS04_2.00	ENSG00000162676	D	C2H2 ZF	zf-C2H2	1	0.755454495539129	GFI1_L400F	PBM	Barrera2016	PBM	27013732	SimilarityRegression	0	Ensembl	http://www.ensembl.org/	Q99684	None
M00237_2.00_GFI1_Homo_sapiens	M00237_2.00	GFI1	Homo_sapiens	T095016_2.00	F135_2.00	TS12_2.00	MS04_2.00	ENSG00000162676	D	C2H2 ZF	zf-C2H2	1	0.755454495539129	GFI1_N382S	PBM	Barrera2016	PBM	27013732	SimilarityRegression	0	Ensembl	http://www.ensembl.org/	Q99684	None
M00238_2.00_GFI1_Homo_sapiens	M00238_2.00	GFI1	Homo_sapiens	T095016_2.00	F135_2.00	TS12_2.00	MS04_2.00	ENSG00000162676	D	C2H2 ZF	zf-C2H2	1	0.755454495539129	GFI1_REF	PBM	Barrera2016	PBM	27013732	SimilarityRegression	0	Ensembl	http://www.ensembl.org/	Q99684	None
M04507_2.00_GFI1_Homo_sapiens	M04507_2.00	GFI1	Homo_sapiens	T095016_2.00	F135_2.00	TS12_2.00	MS62_2.00	ENSG00000162676	D	C2H2 ZF	zf-C2H2	1	0.755454495539129	GFI1_eDBD_HT-SELEX	SELEX	Yin2017	SELEX	28473536	SimilarityRegression	0	Ensembl	http://www.ensembl.org/	Q99684	None
M04508_2.00_GFI1_Homo_sapiens	M04508_2.00	GFI1	Homo_sapiens	T095016_2.00	F135_2.00	TS12_2.00	MS62_2.00	ENSG00000162676	D	C2H2 ZF	zf-C2H2	1	0.755454495539129	GFI1_eDBD_Methyl-HT-SELEX	SELEX	Yin2017	SELEX	28473536	SimilarityRegression	0	Ensembl	http://www.ensembl.org/	Q99684	None
M00239_2.00_GFI1B_Homo_sapiens	M00239_2.00	GFI1B	Homo_sapiens	T095034_2.00	F135_2.00	TS12_2.00	MS04_2.00	ENSG00000165702	D	C2H2 ZF	zf-C2H2	1	0.755454495539129	GFI1B_A204T	PBM	Barrera2016	PBM	27013732	SimilarityRegression	0	Ensembl	http://www.ensembl.org/	Q5VTD9	['A0A1B0GTD0', 'A0A024R8F3']
M00240_2.00_GFI1B_Homo_sapiens	M00240_2.00	GFI1B	Homo_sapiens	T095034_2.00	F135_2.00	TS12_2.00	MS04_2.00	ENSG00000165702	D	C2H2 ZF	zf-C2H2	1	0.755454495539129	GFI1B_REF	PBM	Barrera2016	PBM	27013732	SimilarityRegression	0	Ensembl	http://www.ensembl.org/	Q5VTD9	['A0A1B0GTD0', 'A0A024R8F3']
M04523_2.00_GFI1B_Homo_sapiens	M04523_2.00	GFI1B	Homo_sapiens	T095034_2.00	F135_2.00	TS12_2.00	MS62_2.00	ENSG00000165702	D	C2H2 ZF	zf-C2H2	1	0.755454495539129	GFI1B_eDBD_HT-SELEX	SELEX	Yin2017	SELEX	28473536	SimilarityRegression	0	Ensembl	http://www.ensembl.org/	Q5VTD9	['A0A1B0GTD0', 'A0A024R8F3']
M04524_2.00_GFI1B_Homo_sapiens	M04524_2.00	GFI1B	Homo_sapiens	T095034_2.00	F135_2.00	TS12_2.00	MS62_2.00	ENSG00000165702	D	C2H2 ZF	zf-C2H2	1	0.755454495539129	GFI1B_eDBD_Methyl-HT-SELEX	SELEX	Yin2017	SELEX	28473536	SimilarityRegression	0	Ensembl	http://www.ensembl.org/	Q5VTD9	['A0A1B0GTD0', 'A0A024R8F3']
M00241_2.00_KLF11_Homo_sapiens	M00241_2.00	KLF11	Homo_sapiens	T095116_2.00	F135_2.00	TS12_2.00	MS04_2.00	ENSG00000172059	D	C2H2 ZF	zf-C2H2	1	0.755454495539129	KLF11_R402Q	PBM	Barrera2016	PBM	27013732	SimilarityRegression	0	Ensembl	http://www.ensembl.org/	O14901	['B7ZAX4', 'Q53QU8', 'B5MCC4', 'C9JM94', 'E7EX78']
M00242_2.00_KLF11_Homo_sapiens	M00242_2.00	KLF11	Homo_sapiens	T095116_2.00	F135_2.00	TS12_2.00	MS04_2.00	ENSG00000172059	D	C2H2 ZF	zf-C2H2	1	0.755454495539129	KLF11_REF	PBM	Barrera2016	PBM	27013732	SimilarityRegression	0	Ensembl	http://www.ensembl.org/	O14901	['B7ZAX4', 'Q53QU8', 'B5MCC4', 'C9JM94', 'E7EX78']
M04554_2.00_KLF11_Homo_sapiens	M04554_2.00	KLF11	Homo_sapiens	T095116_2.00	F135_2.00	TS12_2.00	MS62_2.00	ENSG00000172059	D	C2H2 ZF	zf-C2H2	1	0.755454495539129	KLF11_eDBD_HT-SELEX	SELEX	Yin2017	SELEX	28473536	SimilarityRegression	0	Ensembl	http://www.ensembl.org/	O14901	['B7ZAX4', 'Q53QU8', 'B5MCC4', 'C9JM94', 'E7EX78']
M04555_2.00_KLF11_Homo_sapiens	M04555_2.00	KLF11	Homo_sapiens	T095116_2.00	F135_2.00	TS12_2.00	MS62_2.00	ENSG00000172059	D	C2H2 ZF	zf-C2H2	1	0.755454495539129	KLF11_eDBD_Methyl-HT-SELEX	SELEX	Yin2017	SELEX	28473536	SimilarityRegression	0	Ensembl	http://www.ensembl.org/	O14901	['B7ZAX4', 'Q53QU8', 'B5MCC4', 'C9JM94', 'E7EX78']
M00243_2.00_WT1_Homo_sapiens	M00243_2.00	WT1	Homo_sapiens	T095226_2.00	F135_2.00	TS12_2.00	MS04_2.00	ENSG00000184937	D	C2H2 ZF	zf-C2H2	1	0.755454495539129	WT1_F392L	PBM	Barrera2016	PBM	27013732	SimilarityRegression	0	Ensembl	http://www.ensembl.org/	P19544	['A0A1W2PQQ0', 'Q6PI38', 'A0A1W2PR07', 'A0A0A0MT54', 'A0A494C0I9', 'J3KNN9', 'H0Y3F0', 'H0Y7K5', 'H0YED9']
M00244_2.00_WT1_Homo_sapiens	M00244_2.00	WT1	Homo_sapiens	T095226_2.00	F135_2.00	TS12_2.00	MS04_2.00	ENSG00000184937	D	C2H2 ZF	zf-C2H2	1	0.755454495539129	WT1_H373Y	PBM	Barrera2016	PBM	27013732	SimilarityRegression	0	Ensembl	http://www.ensembl.org/	P19544	['A0A1W2PQQ0', 'Q6PI38', 'A0A1W2PR07', 'A0A0A0MT54', 'A0A494C0I9', 'J3KNN9', 'H0Y3F0', 'H0Y7K5', 'H0YED9']
M00245_2.00_WT1_Homo_sapiens	M00245_2.00	WT1	Homo_sapiens	T095226_2.00	F135_2.00	TS12_2.00	MS04_2.00	ENSG00000184937	D	C2H2 ZF	zf-C2H2	1	0.755454495539129	WT1_R366C	PBM	Barrera2016	PBM	27013732	SimilarityRegression	0	Ensembl	http://www.ensembl.org/	P19544	['A0A1W2PQQ0', 'Q6PI38', 'A0A1W2PR07', 'A0A0A0MT54', 'A0A494C0I9', 'J3KNN9', 'H0Y3F0', 'H0Y7K5', 'H0YED9']
M00246_2.00_WT1_Homo_sapiens	M00246_2.00	WT1	Homo_sapiens	T095226_2.00	F135_2.00	TS12_2.00	MS04_2.00	ENSG00000184937	D	C2H2 ZF	zf-C2H2	1	0.755454495539129	WT1_R366L	PBM	Barrera2016	PBM	27013732	SimilarityRegression	0	Ensembl	http://www.ensembl.org/	P19544	['A0A1W2PQQ0', 'Q6PI38', 'A0A1W2PR07', 'A0A0A0MT54', 'A0A494C0I9', 'J3KNN9', 'H0Y3F0', 'H0Y7K5', 'H0YED9']
M00247_2.00_WT1_Homo_sapiens	M00247_2.00	WT1	Homo_sapiens	T095226_2.00	F135_2.00	TS12_2.00	MS04_2.00	ENSG00000184937	D	C2H2 ZF	zf-C2H2	1	0.755454495539129	WT1_R394L	PBM	Barrera2016	PBM	27013732	SimilarityRegression	0	Ensembl	http://www.ensembl.org/	P19544	['A0A1W2PQQ0', 'Q6PI38', 'A0A1W2PR07', 'A0A0A0MT54', 'A0A494C0I9', 'J3KNN9', 'H0Y3F0', 'H0Y7K5', 'H0YED9']
M00248_2.00_WT1_Homo_sapiens	M00248_2.00	WT1	Homo_sapiens	T095226_2.00	F135_2.00	TS12_2.00	MS04_2.00	ENSG00000184937	D	C2H2 ZF	zf-C2H2	1	0.755454495539129	WT1_R394W	PBM	Barrera2016	PBM	27013732	SimilarityRegression	0	Ensembl	http://www.ensembl.org/	P19544	['A0A1W2PQQ0', 'Q6PI38', 'A0A1W2PR07', 'A0A0A0MT54', 'A0A494C0I9', 'J3KNN9', 'H0Y3F0', 'H0Y7K5', 'H0YED9']
M00249_2.00_WT1_Homo_sapiens	M00249_2.00	WT1	Homo_sapiens	T095226_2.00	F135_2.00	TS12_2.00	MS04_2.00	ENSG00000184937	D	C2H2 ZF	zf-C2H2	1	0.755454495539129	WT1_REF	PBM	Barrera2016	PBM	27013732	SimilarityRegression	0	Ensembl	http://www.ensembl.org/	P19544	['A0A1W2PQQ0', 'Q6PI38', 'A0A1W2PR07', 'A0A0A0MT54', 'A0A494C0I9', 'J3KNN9', 'H0Y3F0', 'H0Y7K5', 'H0YED9']
M00250_2.00_ZNF655_Homo_sapiens	M00250_2.00	ZNF655	Homo_sapiens	T095341_2.00	F135_2.00	TS12_2.00	MS04_2.00	ENSG00000197343	D	C2H2 ZF	zf-C2H2	1	0.755454495539129	ZNF655_E327G	PBM	Barrera2016	PBM	27013732	SimilarityRegression	0	Ensembl	http://www.ensembl.org/	Q8N720	['C9J0V9', 'Q68DU4', 'C9JS03', 'C9JNK1', 'F8WDU5', 'C9IYG2', 'C9J9R2', 'F8WCS2', 'F8WE52', 'C9JUB9', 'F8WEB1']
M00251_2.00_ZNF655_Homo_sapiens	M00251_2.00	ZNF655	Homo_sapiens	T095341_2.00	F135_2.00	TS12_2.00	MS04_2.00	ENSG00000197343	D	C2H2 ZF	zf-C2H2	1	0.755454495539129	ZNF655_REF	PBM	Barrera2016	PBM	27013732	SimilarityRegression	0	Ensembl	http://www.ensembl.org/	Q8N720	['C9J0V9', 'Q68DU4', 'C9JS03', 'C9JNK1', 'F8WDU5', 'C9IYG2', 'C9J9R2', 'F8WCS2', 'F8WE52', 'C9JUB9', 'F8WEB1']
M00252_2.00_ZNF655_Homo_sapiens	M00252_2.00	ZNF655	Homo_sapiens	T095341_2.00	F135_2.00	TS12_2.00	MS04_2.00	ENSG00000197343	D	C2H2 ZF	zf-C2H2	1	0.755454495539129	ZNF655_S393L	PBM	Barrera2016	PBM	27013732	SimilarityRegression	0	Ensembl	http://www.ensembl.org/	Q8N720	['C9J0V9', 'Q68DU4', 'C9JS03', 'C9JNK1', 'F8WDU5', 'C9IYG2', 'C9J9R2', 'F8WCS2', 'F8WE52', 'C9JUB9', 'F8WEB1']
M00253_2.00_FOXC1_Homo_sapiens	M00253_2.00	FOXC1	Homo_sapiens	T185761_2.00	F196_2.00	TS12_2.00	MS04_2.00	ENSG00000054598	D	Forkhead	Forkhead	1	0.663506654180558	FOXC1_F112S	PBM	Barrera2016	PBM	27013732	SimilarityRegression	0	Ensembl	http://www.ensembl.org/	Q12948	W6CJ52
M00254_2.00_FOXC1_Homo_sapiens	M00254_2.00	FOXC1	Homo_sapiens	T185761_2.00	F196_2.00	TS12_2.00	MS04_2.00	ENSG00000054598	D	Forkhead	Forkhead	1	0.663506654180558	FOXC1_I126M	PBM	Barrera2016	PBM	27013732	SimilarityRegression	0	Ensembl	http://www.ensembl.org/	Q12948	W6CJ52
M00255_2.00_FOXC1_Homo_sapiens	M00255_2.00	FOXC1	Homo_sapiens	T185761_2.00	F196_2.00	TS12_2.00	MS04_2.00	ENSG00000054598	D	Forkhead	Forkhead	1	0.663506654180558	FOXC1_L130F	PBM	Barrera2016	PBM	27013732	SimilarityRegression	0	Ensembl	http://www.ensembl.org/	Q12948	W6CJ52
M00256_2.00_FOXC1_Homo_sapiens	M00256_2.00	FOXC1	Homo_sapiens	T185761_2.00	F196_2.00	TS12_2.00	MS04_2.00	ENSG00000054598	D	Forkhead	Forkhead	1	0.663506654180558	FOXC1_P79L	PBM	Barrera2016	PBM	27013732	SimilarityRegression	0	Ensembl	http://www.ensembl.org/	Q12948	W6CJ52
M00257_2.00_FOXC1_Homo_sapiens	M00257_2.00	FOXC1	Homo_sapiens	T185761_2.00	F196_2.00	TS12_2.00	MS04_2.00	ENSG00000054598	D	Forkhead	Forkhead	1	0.663506654180558	FOXC1_REF	PBM	Barrera2016	PBM	27013732	SimilarityRegression	0	Ensembl	http://www.ensembl.org/	Q12948	W6CJ52
M00258_2.00_FOXC1_Homo_sapiens	M00258_2.00	FOXC1	Homo_sapiens	T185761_2.00	F196_2.00	TS12_2.00	MS04_2.00	ENSG00000054598	D	Forkhead	Forkhead	1	0.663506654180558	FOXC1_S131L	PBM	Barrera2016	PBM	27013732	SimilarityRegression	0	Ensembl	http://www.ensembl.org/	Q12948	W6CJ52
M00259_2.00_FOXC1_Homo_sapiens	M00259_2.00	FOXC1	Homo_sapiens	T185761_2.00	F196_2.00	TS12_2.00	MS04_2.00	ENSG00000054598	D	Forkhead	Forkhead	1	0.663506654180558	FOXC1_S82T	PBM	Barrera2016	PBM	27013732	SimilarityRegression	0	Ensembl	http://www.ensembl.org/	Q12948	W6CJ52
M03013_2.00_FOXC1_Homo_sapiens	M03013_2.00	FOXC1	Homo_sapiens	T185761_2.00	F196_2.00	TS12_2.00	MS33_2.00	ENSG00000054598	D	Forkhead	Forkhead	1	0.663506654180558	FOXC1_1	SELEX	Jolma2013	SELEX	23332764	SimilarityRegression	0	Ensembl	http://www.ensembl.org/	Q12948	W6CJ52
M03014_2.00_FOXC1_Homo_sapiens	M03014_2.00	FOXC1	Homo_sapiens	T185761_2.00	F196_2.00	TS12_2.00	MS33_2.00	ENSG00000054598	D	Forkhead	Forkhead	1	0.663506654180558	FOXC1_2	SELEX	Jolma2013	SELEX	23332764	SimilarityRegression	0	Ensembl	http://www.ensembl.org/	Q12948	W6CJ52
M03015_2.00_FOXC1_Homo_sapiens	M03015_2.00	FOXC1	Homo_sapiens	T185761_2.00	F196_2.00	TS12_2.00	MS33_2.00	ENSG00000054598	D	Forkhead	Forkhead	1	0.663506654180558	FOXC1_3	SELEX	Jolma2013	SELEX	23332764	SimilarityRegression	0	Ensembl	http://www.ensembl.org/	Q12948	W6CJ52
M00260_2.00_ARX_Homo_sapiens	M00260_2.00	ARX	Homo_sapiens	T209764_2.00	F223_2.00	TS12_2.00	MS04_2.00	ENSG00000004848	D	Homeodomain	Homeobox	1	0.598692764790911	ARX_L343Q	PBM	Barrera2016	PBM	27013732	SimilarityRegression	0	Ensembl	http://www.ensembl.org/	Q96QS3	A0A1B0GUI3
M00261_2.00_ARX_Homo_sapiens	M00261_2.00	ARX	Homo_sapiens	T209764_2.00	F223_2.00	TS12_2.00	MS04_2.00	ENSG00000004848	D	Homeodomain	Homeobox	1	0.598692764790911	ARX_P353L	PBM	Barrera2016	PBM	27013732	SimilarityRegression	0	Ensembl	http://www.ensembl.org/	Q96QS3	A0A1B0GUI3
M00262_2.00_ARX_Homo_sapiens	M00262_2.00	ARX	Homo_sapiens	T209764_2.00	F223_2.00	TS12_2.00	MS04_2.00	ENSG00000004848	D	Homeodomain	Homeobox	1	0.598692764790911	ARX_P353R	PBM	Barrera2016	PBM	27013732	SimilarityRegression	0	Ensembl	http://www.ensembl.org/	Q96QS3	A0A1B0GUI3
M00263_2.00_ARX_Homo_sapiens	M00263_2.00	ARX	Homo_sapiens	T209764_2.00	F223_2.00	TS12_2.00	MS04_2.00	ENSG00000004848	D	Homeodomain	Homeobox	1	0.598692764790911	ARX_R332H	PBM	Barrera2016	PBM	27013732	SimilarityRegression	0	Ensembl	http://www.ensembl.org/	Q96QS3	A0A1B0GUI3
M00264_2.00_ARX_Homo_sapiens	M00264_2.00	ARX	Homo_sapiens	T209764_2.00	F223_2.00	TS12_2.00	MS04_2.00	ENSG00000004848	D	Homeodomain	Homeobox	1	0.598692764790911	ARX_REF	PBM	Barrera2016	PBM	27013732	SimilarityRegression	0	Ensembl	http://www.ensembl.org/	Q96QS3	A0A1B0GUI3
M00265_2.00_ARX_Homo_sapiens	M00265_2.00	ARX	Homo_sapiens	T209764_2.00	F223_2.00	TS12_2.00	MS04_2.00	ENSG00000004848	D	Homeodomain	Homeobox	1	0.598692764790911	ARX_T333N	PBM	Barrera2016	PBM	27013732	SimilarityRegression	0	Ensembl	http://www.ensembl.org/	Q96QS3	A0A1B0GUI3
M03076_2.00_ARX_Homo_sapiens	M03076_2.00	ARX	Homo_sapiens	T209764_2.00	F223_2.00	TS12_2.00	MS33_2.00	ENSG00000004848	D	Homeodomain	Homeobox	1	0.598692764790911	ARX_1	SELEX	Jolma2013	SELEX	23332764	SimilarityRegression	0	Ensembl	http://www.ensembl.org/	Q96QS3	A0A1B0GUI3
M04895_2.00_ARX_Homo_sapiens	M04895_2.00	ARX	Homo_sapiens	T209764_2.00	F223_2.00	TS12_2.00	MS62_2.00	ENSG00000004848	D	Homeodomain	Homeobox	1	0.598692764790911	ARX_eDBD_HT-SELEX	SELEX	Yin2017	SELEX	28473536	SimilarityRegression	0	Ensembl	http://www.ensembl.org/	Q96QS3	A0A1B0GUI3
M04896_2.00_ARX_Homo_sapiens	M04896_2.00	ARX	Homo_sapiens	T209764_2.00	F223_2.00	TS12_2.00	MS62_2.00	ENSG00000004848	D	Homeodomain	Homeobox	1	0.598692764790911	ARX_eDBD_Methyl-HT-SELEX	SELEX	Yin2017	SELEX	28473536	SimilarityRegression	0	Ensembl	http://www.ensembl.org/	Q96QS3	A0A1B0GUI3
M00266_2.00_VSX1_Homo_sapiens	M00266_2.00	VSX1	Homo_sapiens	T209778_2.00	F223_2.00	TS12_2.00	MS04_2.00	ENSG00000100987	D	Homeodomain	Homeobox	1	0.598692764790911	VSX1_G160D	PBM	Barrera2016	PBM	27013732	SimilarityRegression	0	Ensembl	http://www.ensembl.org/	Q9NZR4	None
M00267_2.00_VSX1_Homo_sapiens	M00267_2.00	VSX1	Homo_sapiens	T209778_2.00	F223_2.00	TS12_2.00	MS04_2.00	ENSG00000100987	D	Homeodomain	Homeobox	1	0.598692764790911	VSX1_Q175H	PBM	Barrera2016	PBM	27013732	SimilarityRegression	0	Ensembl	http://www.ensembl.org/	Q9NZR4	None
M00268_2.00_VSX1_Homo_sapiens	M00268_2.00	VSX1	Homo_sapiens	T209778_2.00	F223_2.00	TS12_2.00	MS04_2.00	ENSG00000100987	D	Homeodomain	Homeobox	1	0.598692764790911	VSX1_R166Q	PBM	Barrera2016	PBM	27013732	SimilarityRegression	0	Ensembl	http://www.ensembl.org/	Q9NZR4	None
M00269_2.00_VSX1_Homo_sapiens	M00269_2.00	VSX1	Homo_sapiens	T209778_2.00	F223_2.00	TS12_2.00	MS04_2.00	ENSG00000100987	D	Homeodomain	Homeobox	1	0.598692764790911	VSX1_REF	PBM	Barrera2016	PBM	27013732	SimilarityRegression	0	Ensembl	http://www.ensembl.org/	Q9NZR4	None
M03087_2.00_VSX1_Homo_sapiens	M03087_2.00	VSX1	Homo_sapiens	T209778_2.00	F223_2.00	TS12_2.00	MS33_2.00	ENSG00000100987	D	Homeodomain	Homeobox	1	0.598692764790911	VSX1_1	SELEX	Jolma2013	SELEX	23332764	SimilarityRegression	0	Ensembl	http://www.ensembl.org/	Q9NZR4	None
M03088_2.00_VSX1_Homo_sapiens	M03088_2.00	VSX1	Homo_sapiens	T209778_2.00	F223_2.00	TS12_2.00	MS33_2.00	ENSG00000100987	D	Homeodomain	Homeobox	1	0.598692764790911	VSX1_2	SELEX	Jolma2013	SELEX	23332764	SimilarityRegression	0	Ensembl	http://www.ensembl.org/	Q9NZR4	None
M04941_2.00_VSX1_Homo_sapiens	M04941_2.00	VSX1	Homo_sapiens	T209778_2.00	F223_2.00	TS12_2.00	MS62_2.00	ENSG00000100987	D	Homeodomain	Homeobox	1	0.598692764790911	VSX1_eDBD_HT-SELEX	SELEX	Yin2017	SELEX	28473536	SimilarityRegression	0	Ensembl	http://www.ensembl.org/	Q9NZR4	None
M04942_2.00_VSX1_Homo_sapiens	M04942_2.00	VSX1	Homo_sapiens	T209778_2.00	F223_2.00	TS12_2.00	MS62_2.00	ENSG00000100987	D	Homeodomain	Homeobox	1	0.598692764790911	VSX1_eDBD_Methyl-HT-SELEX_1	SELEX	Yin2017	SELEX	28473536	SimilarityRegression	0	Ensembl	http://www.ensembl.org/	Q9NZR4	None
M04943_2.00_VSX1_Homo_sapiens	M04943_2.00	VSX1	Homo_sapiens	T209778_2.00	F223_2.00	TS12_2.00	MS62_2.00	ENSG00000100987	D	Homeodomain	Homeobox	1	0.598692764790911	VSX1_eDBD_Methyl-HT-SELEX_2	SELEX	Yin2017	SELEX	28473536	SimilarityRegression	0	Ensembl	http://www.ensembl.org/	Q9NZR4	None
M04944_2.00_VSX1_Homo_sapiens	M04944_2.00	VSX1	Homo_sapiens	T209778_2.00	F223_2.00	TS12_2.00	MS62_2.00	ENSG00000100987	D	Homeodomain	Homeobox	1	0.598692764790911	VSX1_FL_HT-SELEX	SELEX	Yin2017	SELEX	28473536	SimilarityRegression	0	Ensembl	http://www.ensembl.org/	Q9NZR4	None
M04945_2.00_VSX1_Homo_sapiens	M04945_2.00	VSX1	Homo_sapiens	T209778_2.00	F223_2.00	TS12_2.00	MS62_2.00	ENSG00000100987	D	Homeodomain	Homeobox	1	0.598692764790911	VSX1_FL_Methyl-HT-SELEX_1	SELEX	Yin2017	SELEX	28473536	SimilarityRegression	0	Ensembl	http://www.ensembl.org/	Q9NZR4	None
M04946_2.00_VSX1_Homo_sapiens	M04946_2.00	VSX1	Homo_sapiens	T209778_2.00	F223_2.00	TS12_2.00	MS62_2.00	ENSG00000100987	D	Homeodomain	Homeobox	1	0.598692764790911	VSX1_FL_Methyl-HT-SELEX_2	SELEX	Yin2017	SELEX	28473536	SimilarityRegression	0	Ensembl	http://www.ensembl.org/	Q9NZR4	None
M05869_2.00_VSX1_Homo_sapiens	M05869_2.00	VSX1	Homo_sapiens	T209778_2.00	F223_2.00	TS12_2.00	MS30_2.00	ENSG00000100987	D	Homeodomain	Homeobox	1	0.598692764790911	VSX1	SMiLE-seq	Isakova2017	SMiLE-seq	28092692	SimilarityRegression	0	Ensembl	http://www.ensembl.org/	Q9NZR4	None
M00270_2.00_CRX_Homo_sapiens	M00270_2.00	CRX	Homo_sapiens	T209782_2.00	F223_2.00	TS12_2.00	MS04_2.00	ENSG00000105392	D	Homeodomain	Homeobox	1	0.598692764790911	CRX_E80A	PBM	Barrera2016	PBM	27013732	SimilarityRegression	0	Ensembl	http://www.ensembl.org/	O43186	['H3BUU7', 'A0A087WTS9']
M00271_2.00_CRX_Homo_sapiens	M00271_2.00	CRX	Homo_sapiens	T209782_2.00	F223_2.00	TS12_2.00	MS04_2.00	ENSG00000105392	D	Homeodomain	Homeobox	1	0.598692764790911	CRX_R41Q	PBM	Barrera2016	PBM	27013732	SimilarityRegression	0	Ensembl	http://www.ensembl.org/	O43186	['H3BUU7', 'A0A087WTS9']
M00272_2.00_CRX_Homo_sapiens	M00272_2.00	CRX	Homo_sapiens	T209782_2.00	F223_2.00	TS12_2.00	MS04_2.00	ENSG00000105392	D	Homeodomain	Homeobox	1	0.598692764790911	CRX_R41W	PBM	Barrera2016	PBM	27013732	SimilarityRegression	0	Ensembl	http://www.ensembl.org/	O43186	['H3BUU7', 'A0A087WTS9']
M00273_2.00_CRX_Homo_sapiens	M00273_2.00	CRX	Homo_sapiens	T209782_2.00	F223_2.00	TS12_2.00	MS04_2.00	ENSG00000105392	D	Homeodomain	Homeobox	1	0.598692764790911	CRX_R90W	PBM	Barrera2016	PBM	27013732	SimilarityRegression	0	Ensembl	http://www.ensembl.org/	O43186	['H3BUU7', 'A0A087WTS9']
M00274_2.00_CRX_Homo_sapiens	M00274_2.00	CRX	Homo_sapiens	T209782_2.00	F223_2.00	TS12_2.00	MS04_2.00	ENSG00000105392	D	Homeodomain	Homeobox	1	0.598692764790911	CRX_REF	PBM	Barrera2016	PBM	27013732	SimilarityRegression	0	Ensembl	http://www.ensembl.org/	O43186	['H3BUU7', 'A0A087WTS9']
M00275_2.00_CRX_Homo_sapiens	M00275_2.00	CRX	Homo_sapiens	T209782_2.00	F223_2.00	TS12_2.00	MS04_2.00	ENSG00000105392	D	Homeodomain	Homeobox	1	0.598692764790911	CRX_V66I	PBM	Barrera2016	PBM	27013732	SimilarityRegression	0	Ensembl	http://www.ensembl.org/	O43186	['H3BUU7', 'A0A087WTS9']
M04949_2.00_CRX_Homo_sapiens	M04949_2.00	CRX	Homo_sapiens	T209782_2.00	F223_2.00	TS12_2.00	MS62_2.00	ENSG00000105392	D	Homeodomain	Homeobox	1	0.598692764790911	CRX_FL_HT-SELEX	SELEX	Yin2017	SELEX	28473536	SimilarityRegression	0	Ensembl	http://www.ensembl.org/	O43186	['H3BUU7', 'A0A087WTS9']
M04950_2.00_CRX_Homo_sapiens	M04950_2.00	CRX	Homo_sapiens	T209782_2.00	F223_2.00	TS12_2.00	MS62_2.00	ENSG00000105392	D	Homeodomain	Homeobox	1	0.598692764790911	CRX_FL_Methyl-HT-SELEX	SELEX	Yin2017	SELEX	28473536	SimilarityRegression	0	Ensembl	http://www.ensembl.org/	O43186	['H3BUU7', 'A0A087WTS9']
M00276_2.00_PBX4_Homo_sapiens	M00276_2.00	PBX4	Homo_sapiens	T209784_2.00	F223_2.00	TS12_2.00	MS04_2.00	ENSG00000105717	D	Homeodomain	Homeobox	1	0.598692764790911	PBX4_R215Q	PBM	Barrera2016	PBM	27013732	SimilarityRegression	0	Ensembl	http://www.ensembl.org/	Q9BYU1	H0YL59
M00277_2.00_PBX4_Homo_sapiens	M00277_2.00	PBX4	Homo_sapiens	T209784_2.00	F223_2.00	TS12_2.00	MS04_2.00	ENSG00000105717	D	Homeodomain	Homeobox	1	0.598692764790911	PBX4_REF	PBM	Barrera2016	PBM	27013732	SimilarityRegression	0	Ensembl	http://www.ensembl.org/	Q9BYU1	H0YL59
M00278_2.00_PHOX2B_Homo_sapiens	M00278_2.00	PHOX2B	Homo_sapiens	T209802_2.00	F223_2.00	TS12_2.00	MS04_2.00	ENSG00000109132	D	Homeodomain	Homeobox	1	0.598692764790911	PHOX2B_Q143R	PBM	Barrera2016	PBM	27013732	SimilarityRegression	0	Ensembl	http://www.ensembl.org/	Q99453	None
M00279_2.00_PHOX2B_Homo_sapiens	M00279_2.00	PHOX2B	Homo_sapiens	T209802_2.00	F223_2.00	TS12_2.00	MS04_2.00	ENSG00000109132	D	Homeodomain	Homeobox	1	0.598692764790911	PHOX2B_R100L	PBM	Barrera2016	PBM	27013732	SimilarityRegression	0	Ensembl	http://www.ensembl.org/	Q99453	None
M00280_2.00_PHOX2B_Homo_sapiens	M00280_2.00	PHOX2B	Homo_sapiens	T209802_2.00	F223_2.00	TS12_2.00	MS04_2.00	ENSG00000109132	D	Homeodomain	Homeobox	1	0.598692764790911	PHOX2B_R141G	PBM	Barrera2016	PBM	27013732	SimilarityRegression	0	Ensembl	http://www.ensembl.org/	Q99453	None
M00281_2.00_PHOX2B_Homo_sapiens	M00281_2.00	PHOX2B	Homo_sapiens	T209802_2.00	F223_2.00	TS12_2.00	MS04_2.00	ENSG00000109132	D	Homeodomain	Homeobox	1	0.598692764790911	PHOX2B_R141Q	PBM	Barrera2016	PBM	27013732	SimilarityRegression	0	Ensembl	http://www.ensembl.org/	Q99453	None
M00282_2.00_PHOX2B_Homo_sapiens	M00282_2.00	PHOX2B	Homo_sapiens	T209802_2.00	F223_2.00	TS12_2.00	MS04_2.00	ENSG00000109132	D	Homeodomain	Homeobox	1	0.598692764790911	PHOX2B_REF	PBM	Barrera2016	PBM	27013732	SimilarityRegression	0	Ensembl	http://www.ensembl.org/	Q99453	None
M03113_2.00_PHOX2B_Homo_sapiens	M03113_2.00	PHOX2B	Homo_sapiens	T209802_2.00	F223_2.00	TS12_2.00	MS33_2.00	ENSG00000109132	D	Homeodomain	Homeobox	1	0.598692764790911	PHOX2B_1	SELEX	Jolma2013	SELEX	23332764	SimilarityRegression	0	Ensembl	http://www.ensembl.org/	Q99453	None
M03114_2.00_PHOX2B_Homo_sapiens	M03114_2.00	PHOX2B	Homo_sapiens	T209802_2.00	F223_2.00	TS12_2.00	MS33_2.00	ENSG00000109132	D	Homeodomain	Homeobox	1	0.598692764790911	PHOX2B_2	SELEX	Jolma2013	SELEX	23332764	SimilarityRegression	0	Ensembl	http://www.ensembl.org/	Q99453	None
M05008_2.00_PHOX2B_Homo_sapiens	M05008_2.00	PHOX2B	Homo_sapiens	T209802_2.00	F223_2.00	TS12_2.00	MS62_2.00	ENSG00000109132	D	Homeodomain	Homeobox	1	0.598692764790911	PHOX2B_eDBD_HT-SELEX	SELEX	Yin2017	SELEX	28473536	SimilarityRegression	0	Ensembl	http://www.ensembl.org/	Q99453	None
M05009_2.00_PHOX2B_Homo_sapiens	M05009_2.00	PHOX2B	Homo_sapiens	T209802_2.00	F223_2.00	TS12_2.00	MS62_2.00	ENSG00000109132	D	Homeodomain	Homeobox	1	0.598692764790911	PHOX2B_eDBD_Methyl-HT-SELEX	SELEX	Yin2017	SELEX	28473536	SimilarityRegression	0	Ensembl	http://www.ensembl.org/	Q99453	None
M05010_2.00_PHOX2B_Homo_sapiens	M05010_2.00	PHOX2B	Homo_sapiens	T209802_2.00	F223_2.00	TS12_2.00	MS62_2.00	ENSG00000109132	D	Homeodomain	Homeobox	1	0.598692764790911	PHOX2B_FL_HT-SELEX	SELEX	Yin2017	SELEX	28473536	SimilarityRegression	0	Ensembl	http://www.ensembl.org/	Q99453	None
M05011_2.00_PHOX2B_Homo_sapiens	M05011_2.00	PHOX2B	Homo_sapiens	T209802_2.00	F223_2.00	TS12_2.00	MS62_2.00	ENSG00000109132	D	Homeodomain	Homeobox	1	0.598692764790911	PHOX2B_FL_Methyl-HT-SELEX	SELEX	Yin2017	SELEX	28473536	SimilarityRegression	0	Ensembl	http://www.ensembl.org/	Q99453	None
M00283_2.00_VAX2_Homo_sapiens	M00283_2.00	VAX2	Homo_sapiens	T209811_2.00	F223_2.00	TS12_2.00	MS04_2.00	ENSG00000116035	D	Homeodomain	Homeobox	1	0.598692764790911	VAX2_L139M	PBM	Barrera2016	PBM	27013732	SimilarityRegression	0	Ensembl	http://www.ensembl.org/	Q9UIW0	['A0A2R8Y6H5', 'F1T0K5', 'C9J5E3']
M00284_2.00_VAX2_Homo_sapiens	M00284_2.00	VAX2	Homo_sapiens	T209811_2.00	F223_2.00	TS12_2.00	MS04_2.00	ENSG00000116035	D	Homeodomain	Homeobox	1	0.598692764790911	VAX2_REF	PBM	Barrera2016	PBM	27013732	SimilarityRegression	0	Ensembl	http://www.ensembl.org/	Q9UIW0	['A0A2R8Y6H5', 'F1T0K5', 'C9J5E3']
M03119_2.00_VAX2_Homo_sapiens	M03119_2.00	VAX2	Homo_sapiens	T209811_2.00	F223_2.00	TS12_2.00	MS33_2.00	ENSG00000116035	D	Homeodomain	Homeobox	1	0.598692764790911	VAX2_1	SELEX	Jolma2013	SELEX	23332764	SimilarityRegression	0	Ensembl	http://www.ensembl.org/	Q9UIW0	['A0A2R8Y6H5', 'F1T0K5', 'C9J5E3']
M05030_2.00_VAX2_Homo_sapiens	M05030_2.00	VAX2	Homo_sapiens	T209811_2.00	F223_2.00	TS12_2.00	MS62_2.00	ENSG00000116035	D	Homeodomain	Homeobox	1	0.598692764790911	VAX2_FL_HT-SELEX	SELEX	Yin2017	SELEX	28473536	SimilarityRegression	0	Ensembl	http://www.ensembl.org/	Q9UIW0	['A0A2R8Y6H5', 'F1T0K5', 'C9J5E3']
M05031_2.00_VAX2_Homo_sapiens	M05031_2.00	VAX2	Homo_sapiens	T209811_2.00	F223_2.00	TS12_2.00	MS62_2.00	ENSG00000116035	D	Homeodomain	Homeobox	1	0.598692764790911	VAX2_FL_Methyl-HT-SELEX	SELEX	Yin2017	SELEX	28473536	SimilarityRegression	0	Ensembl	http://www.ensembl.org/	Q9UIW0	['A0A2R8Y6H5', 'F1T0K5', 'C9J5E3']
M00285_2.00_VSX2_Homo_sapiens	M00285_2.00	VSX2	Homo_sapiens	T209814_2.00	F223_2.00	TS12_2.00	MS04_2.00	ENSG00000119614	D	Homeodomain	Homeobox	1	0.598692764790911	VSX2_R200P	PBM	Barrera2016	PBM	27013732	SimilarityRegression	0	Ensembl	http://www.ensembl.org/	P58304	None
M00286_2.00_VSX2_Homo_sapiens	M00286_2.00	VSX2	Homo_sapiens	T209814_2.00	F223_2.00	TS12_2.00	MS04_2.00	ENSG00000119614	D	Homeodomain	Homeobox	1	0.598692764790911	VSX2_R200Q	PBM	Barrera2016	PBM	27013732	SimilarityRegression	0	Ensembl	http://www.ensembl.org/	P58304	None
M00287_2.00_VSX2_Homo_sapiens	M00287_2.00	VSX2	Homo_sapiens	T209814_2.00	F223_2.00	TS12_2.00	MS04_2.00	ENSG00000119614	D	Homeodomain	Homeobox	1	0.598692764790911	VSX2_REF	PBM	Barrera2016	PBM	27013732	SimilarityRegression	0	Ensembl	http://www.ensembl.org/	P58304	None
M03124_2.00_VSX2_Homo_sapiens	M03124_2.00	VSX2	Homo_sapiens	T209814_2.00	F223_2.00	TS12_2.00	MS33_2.00	ENSG00000119614	D	Homeodomain	Homeobox	1	0.598692764790911	VSX2_1	SELEX	Jolma2013	SELEX	23332764	SimilarityRegression	0	Ensembl	http://www.ensembl.org/	P58304	None
M05036_2.00_VSX2_Homo_sapiens	M05036_2.00	VSX2	Homo_sapiens	T209814_2.00	F223_2.00	TS12_2.00	MS62_2.00	ENSG00000119614	D	Homeodomain	Homeobox	1	0.598692764790911	VSX2_eDBD_HT-SELEX	SELEX	Yin2017	SELEX	28473536	SimilarityRegression	0	Ensembl	http://www.ensembl.org/	P58304	None
M05037_2.00_VSX2_Homo_sapiens	M05037_2.00	VSX2	Homo_sapiens	T209814_2.00	F223_2.00	TS12_2.00	MS62_2.00	ENSG00000119614	D	Homeodomain	Homeobox	1	0.598692764790911	VSX2_eDBD_Methyl-HT-SELEX_1	SELEX	Yin2017	SELEX	28473536	SimilarityRegression	0	Ensembl	http://www.ensembl.org/	P58304	None
M05038_2.00_VSX2_Homo_sapiens	M05038_2.00	VSX2	Homo_sapiens	T209814_2.00	F223_2.00	TS12_2.00	MS62_2.00	ENSG00000119614	D	Homeodomain	Homeobox	1	0.598692764790911	VSX2_eDBD_Methyl-HT-SELEX_2	SELEX	Yin2017	SELEX	28473536	SimilarityRegression	0	Ensembl	http://www.ensembl.org/	P58304	None
M05039_2.00_VSX2_Homo_sapiens	M05039_2.00	VSX2	Homo_sapiens	T209814_2.00	F223_2.00	TS12_2.00	MS62_2.00	ENSG00000119614	D	Homeodomain	Homeobox	1	0.598692764790911	VSX2_FL_HT-SELEX	SELEX	Yin2017	SELEX	28473536	SimilarityRegression	0	Ensembl	http://www.ensembl.org/	P58304	None
M05040_2.00_VSX2_Homo_sapiens	M05040_2.00	VSX2	Homo_sapiens	T209814_2.00	F223_2.00	TS12_2.00	MS62_2.00	ENSG00000119614	D	Homeodomain	Homeobox	1	0.598692764790911	VSX2_FL_Methyl-HT-SELEX_1	SELEX	Yin2017	SELEX	28473536	SimilarityRegression	0	Ensembl	http://www.ensembl.org/	P58304	None
M05041_2.00_VSX2_Homo_sapiens	M05041_2.00	VSX2	Homo_sapiens	T209814_2.00	F223_2.00	TS12_2.00	MS62_2.00	ENSG00000119614	D	Homeodomain	Homeobox	1	0.598692764790911	VSX2_FL_Methyl-HT-SELEX_2	SELEX	Yin2017	SELEX	28473536	SimilarityRegression	0	Ensembl	http://www.ensembl.org/	P58304	None
M00288_2.00_MSX2_Homo_sapiens	M00288_2.00	MSX2	Homo_sapiens	T209820_2.00	F223_2.00	TS12_2.00	MS04_2.00	ENSG00000120149	D	Homeodomain	Homeobox	1	0.598692764790911	MSX2_P148H	PBM	Barrera2016	PBM	27013732	SimilarityRegression	0	Ensembl	http://www.ensembl.org/	P35548	D6RIS4
M00289_2.00_MSX2_Homo_sapiens	M00289_2.00	MSX2	Homo_sapiens	T209820_2.00	F223_2.00	TS12_2.00	MS04_2.00	ENSG00000120149	D	Homeodomain	Homeobox	1	0.598692764790911	MSX2_R172H	PBM	Barrera2016	PBM	27013732	SimilarityRegression	0	Ensembl	http://www.ensembl.org/	P35548	D6RIS4
M00290_2.00_MSX2_Homo_sapiens	M00290_2.00	MSX2	Homo_sapiens	T209820_2.00	F223_2.00	TS12_2.00	MS04_2.00	ENSG00000120149	D	Homeodomain	Homeobox	1	0.598692764790911	MSX2_REF	PBM	Barrera2016	PBM	27013732	SimilarityRegression	0	Ensembl	http://www.ensembl.org/	P35548	D6RIS4
M03127_2.00_MSX2_Homo_sapiens	M03127_2.00	MSX2	Homo_sapiens	T209820_2.00	F223_2.00	TS12_2.00	MS33_2.00	ENSG00000120149	D	Homeodomain	Homeobox	1	0.598692764790911	MSX2_1	SELEX	Jolma2013	SELEX	23332764	SimilarityRegression	0	Ensembl	http://www.ensembl.org/	P35548	D6RIS4
M03128_2.00_MSX2_Homo_sapiens	M03128_2.00	MSX2	Homo_sapiens	T209820_2.00	F223_2.00	TS12_2.00	MS33_2.00	ENSG00000120149	D	Homeodomain	Homeobox	1	0.598692764790911	MSX2_2	SELEX	Jolma2013	SELEX	23332764	SimilarityRegression	0	Ensembl	http://www.ensembl.org/	P35548	D6RIS4
M05060_2.00_MSX2_Homo_sapiens	M05060_2.00	MSX2	Homo_sapiens	T209820_2.00	F223_2.00	TS12_2.00	MS62_2.00	ENSG00000120149	D	Homeodomain	Homeobox	1	0.598692764790911	MSX2_eDBD_HT-SELEX	SELEX	Yin2017	SELEX	28473536	SimilarityRegression	0	Ensembl	http://www.ensembl.org/	P35548	D6RIS4
M05061_2.00_MSX2_Homo_sapiens	M05061_2.00	MSX2	Homo_sapiens	T209820_2.00	F223_2.00	TS12_2.00	MS62_2.00	ENSG00000120149	D	Homeodomain	Homeobox	1	0.598692764790911	MSX2_eDBD_Methyl-HT-SELEX_1	SELEX	Yin2017	SELEX	28473536	SimilarityRegression	0	Ensembl	http://www.ensembl.org/	P35548	D6RIS4
M05062_2.00_MSX2_Homo_sapiens	M05062_2.00	MSX2	Homo_sapiens	T209820_2.00	F223_2.00	TS12_2.00	MS62_2.00	ENSG00000120149	D	Homeodomain	Homeobox	1	0.598692764790911	MSX2_eDBD_Methyl-HT-SELEX_2	SELEX	Yin2017	SELEX	28473536	SimilarityRegression	0	Ensembl	http://www.ensembl.org/	P35548	D6RIS4
M00291_2.00_ESX1_Homo_sapiens	M00291_2.00	ESX1	Homo_sapiens	T209826_2.00	F223_2.00	TS12_2.00	MS04_2.00	ENSG00000123576	D	Homeodomain	Homeobox	1	0.598692764790911	ESX1_K193R	PBM	Barrera2016	PBM	27013732	SimilarityRegression	0	Ensembl	http://www.ensembl.org/	Q8N693	None
M00292_2.00_ESX1_Homo_sapiens	M00292_2.00	ESX1	Homo_sapiens	T209826_2.00	F223_2.00	TS12_2.00	MS04_2.00	ENSG00000123576	D	Homeodomain	Homeobox	1	0.598692764790911	ESX1_REF	PBM	Barrera2016	PBM	27013732	SimilarityRegression	0	Ensembl	http://www.ensembl.org/	Q8N693	None
M03137_2.00_ESX1_Homo_sapiens	M03137_2.00	ESX1	Homo_sapiens	T209826_2.00	F223_2.00	TS12_2.00	MS33_2.00	ENSG00000123576	D	Homeodomain	Homeobox	1	0.598692764790911	ESX1_1	SELEX	Jolma2013	SELEX	23332764	SimilarityRegression	0	Ensembl	http://www.ensembl.org/	Q8N693	None
M03138_2.00_ESX1_Homo_sapiens	M03138_2.00	ESX1	Homo_sapiens	T209826_2.00	F223_2.00	TS12_2.00	MS33_2.00	ENSG00000123576	D	Homeodomain	Homeobox	1	0.598692764790911	ESX1_2	SELEX	Jolma2013	SELEX	23332764	SimilarityRegression	0	Ensembl	http://www.ensembl.org/	Q8N693	None
M05087_2.00_ESX1_Homo_sapiens	M05087_2.00	ESX1	Homo_sapiens	T209826_2.00	F223_2.00	TS12_2.00	MS62_2.00	ENSG00000123576	D	Homeodomain	Homeobox	1	0.598692764790911	ESX1_eDBD_HT-SELEX	SELEX	Yin2017	SELEX	28473536	SimilarityRegression	0	Ensembl	http://www.ensembl.org/	Q8N693	None
M05088_2.00_ESX1_Homo_sapiens	M05088_2.00	ESX1	Homo_sapiens	T209826_2.00	F223_2.00	TS12_2.00	MS62_2.00	ENSG00000123576	D	Homeodomain	Homeobox	1	0.598692764790911	ESX1_eDBD_Methyl-HT-SELEX	SELEX	Yin2017	SELEX	28473536	SimilarityRegression	0	Ensembl	http://www.ensembl.org/	Q8N693	None
M05089_2.00_ESX1_Homo_sapiens	M05089_2.00	ESX1	Homo_sapiens	T209826_2.00	F223_2.00	TS12_2.00	MS62_2.00	ENSG00000123576	D	Homeodomain	Homeobox	1	0.598692764790911	ESX1_FL_HT-SELEX	SELEX	Yin2017	SELEX	28473536	SimilarityRegression	0	Ensembl	http://www.ensembl.org/	Q8N693	None
M05090_2.00_ESX1_Homo_sapiens	M05090_2.00	ESX1	Homo_sapiens	T209826_2.00	F223_2.00	TS12_2.00	MS62_2.00	ENSG00000123576	D	Homeodomain	Homeobox	1	0.598692764790911	ESX1_FL_Methyl-HT-SELEX	SELEX	Yin2017	SELEX	28473536	SimilarityRegression	0	Ensembl	http://www.ensembl.org/	Q8N693	None
M00293_2.00_HOXD13_Homo_sapiens	M00293_2.00	HOXD13	Homo_sapiens	T209836_2.00	F223_2.00	TS12_2.00	MS04_2.00	ENSG00000128714	D	Homeodomain	Homeobox	1	0.598692764790911	HOXD13_I297V	PBM	Barrera2016	PBM	27013732	SimilarityRegression	0	Ensembl	http://www.ensembl.org/	P35453	None
M00294_2.00_HOXD13_Homo_sapiens	M00294_2.00	HOXD13	Homo_sapiens	T209836_2.00	F223_2.00	TS12_2.00	MS04_2.00	ENSG00000128714	D	Homeodomain	Homeobox	1	0.598692764790911	HOXD13_I322L	PBM	Barrera2016	PBM	27013732	SimilarityRegression	0	Ensembl	http://www.ensembl.org/	P35453	None
M00295_2.00_HOXD13_Homo_sapiens	M00295_2.00	HOXD13	Homo_sapiens	T209836_2.00	F223_2.00	TS12_2.00	MS04_2.00	ENSG00000128714	D	Homeodomain	Homeobox	1	0.598692764790911	HOXD13_N298S	PBM	Barrera2016	PBM	27013732	SimilarityRegression	0	Ensembl	http://www.ensembl.org/	P35453	None
M00296_2.00_HOXD13_Homo_sapiens	M00296_2.00	HOXD13	Homo_sapiens	T209836_2.00	F223_2.00	TS12_2.00	MS04_2.00	ENSG00000128714	D	Homeodomain	Homeobox	1	0.598692764790911	HOXD13_Q325K	PBM	Barrera2016	PBM	27013732	SimilarityRegression	0	Ensembl	http://www.ensembl.org/	P35453	None
M00297_2.00_HOXD13_Homo_sapiens	M00297_2.00	HOXD13	Homo_sapiens	T209836_2.00	F223_2.00	TS12_2.00	MS04_2.00	ENSG00000128714	D	Homeodomain	Homeobox	1	0.598692764790911	HOXD13_Q325R	PBM	Barrera2016	PBM	27013732	SimilarityRegression	0	Ensembl	http://www.ensembl.org/	P35453	None
M00298_2.00_HOXD13_Homo_sapiens	M00298_2.00	HOXD13	Homo_sapiens	T209836_2.00	F223_2.00	TS12_2.00	MS04_2.00	ENSG00000128714	D	Homeodomain	Homeobox	1	0.598692764790911	HOXD13_R306W	PBM	Barrera2016	PBM	27013732	SimilarityRegression	0	Ensembl	http://www.ensembl.org/	P35453	None
M00299_2.00_HOXD13_Homo_sapiens	M00299_2.00	HOXD13	Homo_sapiens	T209836_2.00	F223_2.00	TS12_2.00	MS04_2.00	ENSG00000128714	D	Homeodomain	Homeobox	1	0.598692764790911	HOXD13_REF	PBM	Barrera2016	PBM	27013732	SimilarityRegression	0	Ensembl	http://www.ensembl.org/	P35453	None
M00300_2.00_HOXD13_Homo_sapiens	M00300_2.00	HOXD13	Homo_sapiens	T209836_2.00	F223_2.00	TS12_2.00	MS04_2.00	ENSG00000128714	D	Homeodomain	Homeobox	1	0.598692764790911	HOXD13_S316C	PBM	Barrera2016	PBM	27013732	SimilarityRegression	0	Ensembl	http://www.ensembl.org/	P35453	None
M03141_2.00_HOXD13_Homo_sapiens	M03141_2.00	HOXD13	Homo_sapiens	T209836_2.00	F223_2.00	TS12_2.00	MS33_2.00	ENSG00000128714	D	Homeodomain	Homeobox	1	0.598692764790911	HOXD13_1	SELEX	Jolma2013	SELEX	23332764	SimilarityRegression	0	Ensembl	http://www.ensembl.org/	P35453	None
M03142_2.00_HOXD13_Homo_sapiens	M03142_2.00	HOXD13	Homo_sapiens	T209836_2.00	F223_2.00	TS12_2.00	MS33_2.00	ENSG00000128714	D	Homeodomain	Homeobox	1	0.598692764790911	HOXD13_2	SELEX	Jolma2013	SELEX	23332764	SimilarityRegression	0	Ensembl	http://www.ensembl.org/	P35453	None
M05122_2.00_HOXD13_Homo_sapiens	M05122_2.00	HOXD13	Homo_sapiens	T209836_2.00	F223_2.00	TS12_2.00	MS62_2.00	ENSG00000128714	D	Homeodomain	Homeobox	1	0.598692764790911	HOXD13_eDBD_HT-SELEX_1	SELEX	Yin2017	SELEX	28473536	SimilarityRegression	0	Ensembl	http://www.ensembl.org/	P35453	None
M05123_2.00_HOXD13_Homo_sapiens	M05123_2.00	HOXD13	Homo_sapiens	T209836_2.00	F223_2.00	TS12_2.00	MS62_2.00	ENSG00000128714	D	Homeodomain	Homeobox	1	0.598692764790911	HOXD13_eDBD_HT-SELEX_2	SELEX	Yin2017	SELEX	28473536	SimilarityRegression	0	Ensembl	http://www.ensembl.org/	P35453	None
M05124_2.00_HOXD13_Homo_sapiens	M05124_2.00	HOXD13	Homo_sapiens	T209836_2.00	F223_2.00	TS12_2.00	MS62_2.00	ENSG00000128714	D	Homeodomain	Homeobox	1	0.598692764790911	HOXD13_eDBD_Methyl-HT-SELEX_1	SELEX	Yin2017	SELEX	28473536	SimilarityRegression	0	Ensembl	http://www.ensembl.org/	P35453	None
M05125_2.00_HOXD13_Homo_sapiens	M05125_2.00	HOXD13	Homo_sapiens	T209836_2.00	F223_2.00	TS12_2.00	MS62_2.00	ENSG00000128714	D	Homeodomain	Homeobox	1	0.598692764790911	HOXD13_eDBD_Methyl-HT-SELEX_2	SELEX	Yin2017	SELEX	28473536	SimilarityRegression	0	Ensembl	http://www.ensembl.org/	P35453	None
M00301_2.00_NKX2.8_Homo_sapiens	M00301_2.00	NKX2.8	Homo_sapiens	None	None	None	None	None	None	None	None	None	None	None	None	None	None	None	None	None	None	None	None	None
M00302_2.00_NKX2.8_Homo_sapiens	M00302_2.00	NKX2.8	Homo_sapiens	None	None	None	None	None	None	None	None	None	None	None	None	None	None	None	None	None	None	None	None	None
M00320_2.00_NKX2.5_Homo_sapiens	M00320_2.00	NKX2.5	Homo_sapiens	None	None	None	None	None	None	None	None	None	None	None	None	None	None	None	None	None	None	None	None	None
M00321_2.00_NKX2.5_Homo_sapiens	M00321_2.00	NKX2.5	Homo_sapiens	None	None	None	None	None	None	None	None	None	None	None	None	None	None	None	None	None	None	None	None	None
M00322_2.00_NKX2.5_Homo_sapiens	M00322_2.00	NKX2.5	Homo_sapiens	None	None	None	None	None	None	None	None	None	None	None	None	None	None	None	None	None	None	None	None	None
M00323_2.00_NKX2.5_Homo_sapiens	M00323_2.00	NKX2.5	Homo_sapiens	None	None	None	None	None	None	None	None	None	None	None	None	None	None	None	None	None	None	None	None	None
M00324_2.00_NKX2.5_Homo_sapiens	M00324_2.00	NKX2.5	Homo_sapiens	None	None	None	None	None	None	None	None	None	None	None	None	None	None	None	None	None	None	None	None	None
M01507_2.00_NKX2.5_Homo_sapiens	M01507_2.00	NKX2.5	Homo_sapiens	None	None	None	None	None	None	None	None	None	None	None	None	None	None	None	None	None	None	None	None	None
M01508_2.00_NKX2.5_Homo_sapiens	M01508_2.00	NKX2.5	Homo_sapiens	None	None	None	None	None	None	None	None	None	None	None	None	None	None	None	None	None	None	None	None	None
M05012_2.00_NKX3.2_Homo_sapiens	M05012_2.00	NKX3.2	Homo_sapiens	None	None	None	None	None	None	None	None	None	None	None	None	None	None	None	None	None	None	None	None	None
M05013_2.00_NKX3.2_Homo_sapiens	M05013_2.00	NKX3.2	Homo_sapiens	None	None	None	None	None	None	None	None	None	None	None	None	None	None	None	None	None	None	None	None	None
M05014_2.00_NKX3.2_Homo_sapiens	M05014_2.00	NKX3.2	Homo_sapiens	None	None	None	None	None	None	None	None	None	None	None	None	None	None	None	None	None	None	None	None	None
M05042_2.00_NKX2.3_Homo_sapiens	M05042_2.00	NKX2.3	Homo_sapiens	None	None	None	None	None	None	None	None	None	None	None	None	None	None	None	None	None	None	None	None	None
M05043_2.00_NKX2.3_Homo_sapiens	M05043_2.00	NKX2.3	Homo_sapiens	None	None	None	None	None	None	None	None	None	None	None	None	None	None	None	None	None	None	None	None	None
M05044_2.00_NKX2.3_Homo_sapiens	M05044_2.00	NKX2.3	Homo_sapiens	None	None	None	None	None	None	None	None	None	None	None	None	None	None	None	None	None	None	None	None	None
M05045_2.00_NKX2.3_Homo_sapiens	M05045_2.00	NKX2.3	Homo_sapiens	None	None	None	None	None	None	None	None	None	None	None	None	None	None	None	None	None	None	None	None	None
M05046_2.00_NKX2.3_Homo_sapiens	M05046_2.00	NKX2.3	Homo_sapiens	None	None	None	None	None	None	None	None	None	None	None	None	None	None	None	None	None	None	None	None	None
M05047_2.00_NKX2.3_Homo_sapiens	M05047_2.00	NKX2.3	Homo_sapiens	None	None	None	None	None	None	None	None	None	None	None	None	None	None	None	None	None	None	None	None	None
M05149_2.00_NKX2.8_Homo_sapiens	M05149_2.00	NKX2.8	Homo_sapiens	None	None	None	None	None	None	None	None	None	None	None	None	None	None	None	None	None	None	None	None	None
M05150_2.00_NKX2.8_Homo_sapiens	M05150_2.00	NKX2.8	Homo_sapiens	None	None	None	None	None	None	None	None	None	None	None	None	None	None	None	None	None	None	None	None	None
M05151_2.00_NKX2.8_Homo_sapiens	M05151_2.00	NKX2.8	Homo_sapiens	None	None	None	None	None	None	None	None	None	None	None	None	None	None	None	None	None	None	None	None	None
M05152_2.00_NKX2.8_Homo_sapiens	M05152_2.00	NKX2.8	Homo_sapiens	None	None	None	None	None	None	None	None	None	None	None	None	None	None	None	None	None	None	None	None	None
M05184_2.00_NKX6.2_Homo_sapiens	M05184_2.00	NKX6.2	Homo_sapiens	None	None	None	None	None	None	None	None	None	None	None	None	None	None	None	None	None	None	None	None	None
M05185_2.00_NKX6.2_Homo_sapiens	M05185_2.00	NKX6.2	Homo_sapiens	None	None	None	None	None	None	None	None	None	None	None	None	None	None	None	None	None	None	None	None	None
M05186_2.00_NKX6.2_Homo_sapiens	M05186_2.00	NKX6.2	Homo_sapiens	None	None	None	None	None	None	None	None	None	None	None	None	None	None	None	None	None	None	None	None	None
M05187_2.00_NKX6.2_Homo_sapiens	M05187_2.00	NKX6.2	Homo_sapiens	None	None	None	None	None	None	None	None	None	None	None	None	None	None	None	None	None	None	None	None	None
M05242_2.00_NKX6.3_Homo_sapiens	M05242_2.00	NKX6.3	Homo_sapiens	None	None	None	None	None	None	None	None	None	None	None	None	None	None	None	None	None	None	None	None	None
M05243_2.00_NKX6.3_Homo_sapiens	M05243_2.00	NKX6.3	Homo_sapiens	None	None	None	None	None	None	None	None	None	None	None	None	None	None	None	None	None	None	None	None	None
M05255_2.00_NKX3.1_Homo_sapiens	M05255_2.00	NKX3.1	Homo_sapiens	None	None	None	None	None	None	None	None	None	None	None	None	None	None	None	None	None	None	None	None	None
M05256_2.00_NKX3.1_Homo_sapiens	M05256_2.00	NKX3.1	Homo_sapiens	None	None	None	None	None	None	None	None	None	None	None	None	None	None	None	None	None	None	None	None	None
M05257_2.00_NKX3.1_Homo_sapiens	M05257_2.00	NKX3.1	Homo_sapiens	None	None	None	None	None	None	None	None	None	None	None	None	None	None	None	None	None	None	None	None	None
M05346_2.00_NKX2.5_Homo_sapiens	M05346_2.00	NKX2.5	Homo_sapiens	None	None	None	None	None	None	None	None	None	None	None	None	None	None	None	None	None	None	None	None	None
M05347_2.00_NKX2.5_Homo_sapiens	M05347_2.00	NKX2.5	Homo_sapiens	None	None	None	None	None	None	None	None	None	None	None	None	None	None	None	None	None	None	None	None	None
M05348_2.00_NKX2.5_Homo_sapiens	M05348_2.00	NKX2.5	Homo_sapiens	None	None	None	None	None	None	None	None	None	None	None	None	None	None	None	None	None	None	None	None	None
M09559_2.00_NKX3.1_Homo_sapiens	M09559_2.00	NKX3.1	Homo_sapiens	None	None	None	None	None	None	None	None	None	None	None	None	None	None	None	None	None	None	None	None	None
M00303_2.00_VENTX_Homo_sapiens	M00303_2.00	VENTX	Homo_sapiens	T209862_2.00	F223_2.00	TS12_2.00	MS04_2.00	ENSG00000151650	D	Homeodomain	Homeobox	1	0.598692764790911	VENTX_E101K	PBM	Barrera2016	PBM	27013732	SimilarityRegression	0	Ensembl	http://www.ensembl.org/	O95231	None
M00304_2.00_VENTX_Homo_sapiens	M00304_2.00	VENTX	Homo_sapiens	T209862_2.00	F223_2.00	TS12_2.00	MS04_2.00	ENSG00000151650	D	Homeodomain	Homeobox	1	0.598692764790911	VENTX_R143C	PBM	Barrera2016	PBM	27013732	SimilarityRegression	0	Ensembl	http://www.ensembl.org/	O95231	None
M00305_2.00_VENTX_Homo_sapiens	M00305_2.00	VENTX	Homo_sapiens	T209862_2.00	F223_2.00	TS12_2.00	MS04_2.00	ENSG00000151650	D	Homeodomain	Homeobox	1	0.598692764790911	VENTX_REF	PBM	Barrera2016	PBM	27013732	SimilarityRegression	0	Ensembl	http://www.ensembl.org/	O95231	None
M02091_2.00_VENTX_Homo_sapiens	M02091_2.00	VENTX	Homo_sapiens	T209862_2.00	F223_2.00	TS12_2.00	MS64_2.00	ENSG00000151650	D	Homeodomain	Homeobox	1	0.598692764790911	pTH5490	PBM	Zoo_01	PBM	25215497	SimilarityRegression	0	Ensembl	http://www.ensembl.org/	O95231	None
M03169_2.00_VENTX_Homo_sapiens	M03169_2.00	VENTX	Homo_sapiens	T209862_2.00	F223_2.00	TS12_2.00	MS33_2.00	ENSG00000151650	D	Homeodomain	Homeobox	1	0.598692764790911	VENTX_1	SELEX	Jolma2013	SELEX	23332764	SimilarityRegression	0	Ensembl	http://www.ensembl.org/	O95231	None
M03170_2.00_VENTX_Homo_sapiens	M03170_2.00	VENTX	Homo_sapiens	T209862_2.00	F223_2.00	TS12_2.00	MS33_2.00	ENSG00000151650	D	Homeodomain	Homeobox	1	0.598692764790911	VENTX_2	SELEX	Jolma2013	SELEX	23332764	SimilarityRegression	0	Ensembl	http://www.ensembl.org/	O95231	None
M05188_2.00_VENTX_Homo_sapiens	M05188_2.00	VENTX	Homo_sapiens	T209862_2.00	F223_2.00	TS12_2.00	MS62_2.00	ENSG00000151650	D	Homeodomain	Homeobox	1	0.598692764790911	VENTX_FL_HT-SELEX_1	SELEX	Yin2017	SELEX	28473536	SimilarityRegression	0	Ensembl	http://www.ensembl.org/	O95231	None
M05189_2.00_VENTX_Homo_sapiens	M05189_2.00	VENTX	Homo_sapiens	T209862_2.00	F223_2.00	TS12_2.00	MS62_2.00	ENSG00000151650	D	Homeodomain	Homeobox	1	0.598692764790911	VENTX_FL_HT-SELEX_2	SELEX	Yin2017	SELEX	28473536	SimilarityRegression	0	Ensembl	http://www.ensembl.org/	O95231	None
M05190_2.00_VENTX_Homo_sapiens	M05190_2.00	VENTX	Homo_sapiens	T209862_2.00	F223_2.00	TS12_2.00	MS62_2.00	ENSG00000151650	D	Homeodomain	Homeobox	1	0.598692764790911	VENTX_FL_Methyl-HT-SELEX	SELEX	Yin2017	SELEX	28473536	SimilarityRegression	0	Ensembl	http://www.ensembl.org/	O95231	None
M00306_2.00_HESX1_Homo_sapiens	M00306_2.00	HESX1	Homo_sapiens	T209875_2.00	F223_2.00	TS12_2.00	MS04_2.00	ENSG00000163666	D	Homeodomain	Homeobox	1	0.598692764790911	HESX1_E149K	PBM	Barrera2016	PBM	27013732	SimilarityRegression	0	Ensembl	http://www.ensembl.org/	Q9UBX0	['C9J0A9', 'A0A024R364', 'J3KR67']
M00307_2.00_HESX1_Homo_sapiens	M00307_2.00	HESX1	Homo_sapiens	T209875_2.00	F223_2.00	TS12_2.00	MS04_2.00	ENSG00000163666	D	Homeodomain	Homeobox	1	0.598692764790911	HESX1_N125S	PBM	Barrera2016	PBM	27013732	SimilarityRegression	0	Ensembl	http://www.ensembl.org/	Q9UBX0	['C9J0A9', 'A0A024R364', 'J3KR67']
M00308_2.00_HESX1_Homo_sapiens	M00308_2.00	HESX1	Homo_sapiens	T209875_2.00	F223_2.00	TS12_2.00	MS04_2.00	ENSG00000163666	D	Homeodomain	Homeobox	1	0.598692764790911	HESX1_R160C	PBM	Barrera2016	PBM	27013732	SimilarityRegression	0	Ensembl	http://www.ensembl.org/	Q9UBX0	['C9J0A9', 'A0A024R364', 'J3KR67']
M00309_2.00_HESX1_Homo_sapiens	M00309_2.00	HESX1	Homo_sapiens	T209875_2.00	F223_2.00	TS12_2.00	MS04_2.00	ENSG00000163666	D	Homeodomain	Homeobox	1	0.598692764790911	HESX1_REF	PBM	Barrera2016	PBM	27013732	SimilarityRegression	0	Ensembl	http://www.ensembl.org/	Q9UBX0	['C9J0A9', 'A0A024R364', 'J3KR67']
M03187_2.00_HESX1_Homo_sapiens	M03187_2.00	HESX1	Homo_sapiens	T209875_2.00	F223_2.00	TS12_2.00	MS33_2.00	ENSG00000163666	D	Homeodomain	Homeobox	1	0.598692764790911	HESX1_1	SELEX	Jolma2013	SELEX	23332764	SimilarityRegression	0	Ensembl	http://www.ensembl.org/	Q9UBX0	['C9J0A9', 'A0A024R364', 'J3KR67']
M03188_2.00_HESX1_Homo_sapiens	M03188_2.00	HESX1	Homo_sapiens	T209875_2.00	F223_2.00	TS12_2.00	MS33_2.00	ENSG00000163666	D	Homeodomain	Homeobox	1	0.598692764790911	HESX1_2	SELEX	Jolma2013	SELEX	23332764	SimilarityRegression	0	Ensembl	http://www.ensembl.org/	Q9UBX0	['C9J0A9', 'A0A024R364', 'J3KR67']
M05227_2.00_HESX1_Homo_sapiens	M05227_2.00	HESX1	Homo_sapiens	T209875_2.00	F223_2.00	TS12_2.00	MS62_2.00	ENSG00000163666	D	Homeodomain	Homeobox	1	0.598692764790911	HESX1_FL_HT-SELEX	SELEX	Yin2017	SELEX	28473536	SimilarityRegression	0	Ensembl	http://www.ensembl.org/	Q9UBX0	['C9J0A9', 'A0A024R364', 'J3KR67']
M05228_2.00_HESX1_Homo_sapiens	M05228_2.00	HESX1	Homo_sapiens	T209875_2.00	F223_2.00	TS12_2.00	MS62_2.00	ENSG00000163666	D	Homeodomain	Homeobox	1	0.598692764790911	HESX1_FL_Methyl-HT-SELEX	SELEX	Yin2017	SELEX	28473536	SimilarityRegression	0	Ensembl	http://www.ensembl.org/	Q9UBX0	['C9J0A9', 'A0A024R364', 'J3KR67']
M00310_2.00_PITX2_Homo_sapiens	M00310_2.00	PITX2	Homo_sapiens	T209876_2.00	F223_2.00	TS12_2.00	MS04_2.00	ENSG00000164093	D	Homeodomain	Homeobox	1	0.598692764790911	PITX2_L100Q	PBM	Barrera2016	PBM	27013732	SimilarityRegression	0	Ensembl	http://www.ensembl.org/	Q99697	['D6RBG8', 'D6RFI4', 'U3KQ81', 'A8MUL9']
M00311_2.00_PITX2_Homo_sapiens	M00311_2.00	PITX2	Homo_sapiens	T209876_2.00	F223_2.00	TS12_2.00	MS04_2.00	ENSG00000164093	D	Homeodomain	Homeobox	1	0.598692764790911	PITX2_R108H	PBM	Barrera2016	PBM	27013732	SimilarityRegression	0	Ensembl	http://www.ensembl.org/	Q99697	['D6RBG8', 'D6RFI4', 'U3KQ81', 'A8MUL9']
M00312_2.00_PITX2_Homo_sapiens	M00312_2.00	PITX2	Homo_sapiens	T209876_2.00	F223_2.00	TS12_2.00	MS04_2.00	ENSG00000164093	D	Homeodomain	Homeobox	1	0.598692764790911	PITX2_R130W	PBM	Barrera2016	PBM	27013732	SimilarityRegression	0	Ensembl	http://www.ensembl.org/	Q99697	['D6RBG8', 'D6RFI4', 'U3KQ81', 'A8MUL9']
M00313_2.00_PITX2_Homo_sapiens	M00313_2.00	PITX2	Homo_sapiens	T209876_2.00	F223_2.00	TS12_2.00	MS04_2.00	ENSG00000164093	D	Homeodomain	Homeobox	1	0.598692764790911	PITX2_REF	PBM	Barrera2016	PBM	27013732	SimilarityRegression	0	Ensembl	http://www.ensembl.org/	Q99697	['D6RBG8', 'D6RFI4', 'U3KQ81', 'A8MUL9']
M00314_2.00_PITX2_Homo_sapiens	M00314_2.00	PITX2	Homo_sapiens	T209876_2.00	F223_2.00	TS12_2.00	MS04_2.00	ENSG00000164093	D	Homeodomain	Homeobox	1	0.598692764790911	PITX2_T114P	PBM	Barrera2016	PBM	27013732	SimilarityRegression	0	Ensembl	http://www.ensembl.org/	Q99697	['D6RBG8', 'D6RFI4', 'U3KQ81', 'A8MUL9']
M05229_2.00_PITX2_Homo_sapiens	M05229_2.00	PITX2	Homo_sapiens	T209876_2.00	F223_2.00	TS12_2.00	MS62_2.00	ENSG00000164093	D	Homeodomain	Homeobox	1	0.598692764790911	PITX2_eDBD_HT-SELEX	SELEX	Yin2017	SELEX	28473536	SimilarityRegression	0	Ensembl	http://www.ensembl.org/	Q99697	['D6RBG8', 'D6RFI4', 'U3KQ81', 'A8MUL9']
M05230_2.00_PITX2_Homo_sapiens	M05230_2.00	PITX2	Homo_sapiens	T209876_2.00	F223_2.00	TS12_2.00	MS62_2.00	ENSG00000164093	D	Homeodomain	Homeobox	1	0.598692764790911	PITX2_eDBD_Methyl-HT-SELEX	SELEX	Yin2017	SELEX	28473536	SimilarityRegression	0	Ensembl	http://www.ensembl.org/	Q99697	['D6RBG8', 'D6RFI4', 'U3KQ81', 'A8MUL9']
M05231_2.00_PITX2_Homo_sapiens	M05231_2.00	PITX2	Homo_sapiens	T209876_2.00	F223_2.00	TS12_2.00	MS62_2.00	ENSG00000164093	D	Homeodomain	Homeobox	1	0.598692764790911	PITX2_FL_HT-SELEX	SELEX	Yin2017	SELEX	28473536	SimilarityRegression	0	Ensembl	http://www.ensembl.org/	Q99697	['D6RBG8', 'D6RFI4', 'U3KQ81', 'A8MUL9']
M05232_2.00_PITX2_Homo_sapiens	M05232_2.00	PITX2	Homo_sapiens	T209876_2.00	F223_2.00	TS12_2.00	MS62_2.00	ENSG00000164093	D	Homeodomain	Homeobox	1	0.598692764790911	PITX2_FL_Methyl-HT-SELEX	SELEX	Yin2017	SELEX	28473536	SimilarityRegression	0	Ensembl	http://www.ensembl.org/	Q99697	['D6RBG8', 'D6RFI4', 'U3KQ81', 'A8MUL9']
M00315_2.00_PROP1_Homo_sapiens	M00315_2.00	PROP1	Homo_sapiens	T209908_2.00	F223_2.00	TS12_2.00	MS04_2.00	ENSG00000175325	D	Homeodomain	Homeobox	1	0.598692764790911	PROP1_R112Q	PBM	Barrera2016	PBM	27013732	SimilarityRegression	0	Ensembl	http://www.ensembl.org/	O75360	A0A0G2JQ02
M00316_2.00_PROP1_Homo_sapiens	M00316_2.00	PROP1	Homo_sapiens	T209908_2.00	F223_2.00	TS12_2.00	MS04_2.00	ENSG00000175325	D	Homeodomain	Homeobox	1	0.598692764790911	PROP1_R99Q	PBM	Barrera2016	PBM	27013732	SimilarityRegression	0	Ensembl	http://www.ensembl.org/	O75360	A0A0G2JQ02
M00317_2.00_PROP1_Homo_sapiens	M00317_2.00	PROP1	Homo_sapiens	T209908_2.00	F223_2.00	TS12_2.00	MS04_2.00	ENSG00000175325	D	Homeodomain	Homeobox	1	0.598692764790911	PROP1_REF	PBM	Barrera2016	PBM	27013732	SimilarityRegression	0	Ensembl	http://www.ensembl.org/	O75360	A0A0G2JQ02
M03216_2.00_PROP1_Homo_sapiens	M03216_2.00	PROP1	Homo_sapiens	T209908_2.00	F223_2.00	TS12_2.00	MS33_2.00	ENSG00000175325	D	Homeodomain	Homeobox	1	0.598692764790911	PROP1_1	SELEX	Jolma2013	SELEX	23332764	SimilarityRegression	0	Ensembl	http://www.ensembl.org/	O75360	A0A0G2JQ02
M03217_2.00_PROP1_Homo_sapiens	M03217_2.00	PROP1	Homo_sapiens	T209908_2.00	F223_2.00	TS12_2.00	MS33_2.00	ENSG00000175325	D	Homeodomain	Homeobox	1	0.598692764790911	PROP1_2	SELEX	Jolma2013	SELEX	23332764	SimilarityRegression	0	Ensembl	http://www.ensembl.org/	O75360	A0A0G2JQ02
M05298_2.00_PROP1_Homo_sapiens	M05298_2.00	PROP1	Homo_sapiens	T209908_2.00	F223_2.00	TS12_2.00	MS62_2.00	ENSG00000175325	D	Homeodomain	Homeobox	1	0.598692764790911	PROP1_eDBD_HT-SELEX	SELEX	Yin2017	SELEX	28473536	SimilarityRegression	0	Ensembl	http://www.ensembl.org/	O75360	A0A0G2JQ02
M05299_2.00_PROP1_Homo_sapiens	M05299_2.00	PROP1	Homo_sapiens	T209908_2.00	F223_2.00	TS12_2.00	MS62_2.00	ENSG00000175325	D	Homeodomain	Homeobox	1	0.598692764790911	PROP1_eDBD_Methyl-HT-SELEX_1	SELEX	Yin2017	SELEX	28473536	SimilarityRegression	0	Ensembl	http://www.ensembl.org/	O75360	A0A0G2JQ02
M05300_2.00_PROP1_Homo_sapiens	M05300_2.00	PROP1	Homo_sapiens	T209908_2.00	F223_2.00	TS12_2.00	MS62_2.00	ENSG00000175325	D	Homeodomain	Homeobox	1	0.598692764790911	PROP1_eDBD_Methyl-HT-SELEX_2	SELEX	Yin2017	SELEX	28473536	SimilarityRegression	0	Ensembl	http://www.ensembl.org/	O75360	A0A0G2JQ02
M05301_2.00_PROP1_Homo_sapiens	M05301_2.00	PROP1	Homo_sapiens	T209908_2.00	F223_2.00	TS12_2.00	MS62_2.00	ENSG00000175325	D	Homeodomain	Homeobox	1	0.598692764790911	PROP1_FL_HT-SELEX	SELEX	Yin2017	SELEX	28473536	SimilarityRegression	0	Ensembl	http://www.ensembl.org/	O75360	A0A0G2JQ02
M05302_2.00_PROP1_Homo_sapiens	M05302_2.00	PROP1	Homo_sapiens	T209908_2.00	F223_2.00	TS12_2.00	MS62_2.00	ENSG00000175325	D	Homeodomain	Homeobox	1	0.598692764790911	PROP1_FL_Methyl-HT-SELEX_1	SELEX	Yin2017	SELEX	28473536	SimilarityRegression	0	Ensembl	http://www.ensembl.org/	O75360	A0A0G2JQ02
M05303_2.00_PROP1_Homo_sapiens	M05303_2.00	PROP1	Homo_sapiens	T209908_2.00	F223_2.00	TS12_2.00	MS62_2.00	ENSG00000175325	D	Homeodomain	Homeobox	1	0.598692764790911	PROP1_FL_Methyl-HT-SELEX_2	SELEX	Yin2017	SELEX	28473536	SimilarityRegression	0	Ensembl	http://www.ensembl.org/	O75360	A0A0G2JQ02
M00318_2.00_ISX_Homo_sapiens	M00318_2.00	ISX	Homo_sapiens	T209909_2.00	F223_2.00	TS12_2.00	MS04_2.00	ENSG00000175329	D	Homeodomain	Homeobox	1	0.598692764790911	ISX_R83Q	PBM	Barrera2016	PBM	27013732	SimilarityRegression	0	Ensembl	http://www.ensembl.org/	Q2M1V0	None
M00319_2.00_ISX_Homo_sapiens	M00319_2.00	ISX	Homo_sapiens	T209909_2.00	F223_2.00	TS12_2.00	MS04_2.00	ENSG00000175329	D	Homeodomain	Homeobox	1	0.598692764790911	ISX_REF	PBM	Barrera2016	PBM	27013732	SimilarityRegression	0	Ensembl	http://www.ensembl.org/	Q2M1V0	None
M03218_2.00_ISX_Homo_sapiens	M03218_2.00	ISX	Homo_sapiens	T209909_2.00	F223_2.00	TS12_2.00	MS33_2.00	ENSG00000175329	D	Homeodomain	Homeobox	1	0.598692764790911	ISX_1	SELEX	Jolma2013	SELEX	23332764	SimilarityRegression	0	Ensembl	http://www.ensembl.org/	Q2M1V0	None
M03219_2.00_ISX_Homo_sapiens	M03219_2.00	ISX	Homo_sapiens	T209909_2.00	F223_2.00	TS12_2.00	MS33_2.00	ENSG00000175329	D	Homeodomain	Homeobox	1	0.598692764790911	ISX_2	SELEX	Jolma2013	SELEX	23332764	SimilarityRegression	0	Ensembl	http://www.ensembl.org/	Q2M1V0	None
M03220_2.00_ISX_Homo_sapiens	M03220_2.00	ISX	Homo_sapiens	T209909_2.00	F223_2.00	TS12_2.00	MS33_2.00	ENSG00000175329	D	Homeodomain	Homeobox	1	0.598692764790911	ISX_3	SELEX	Jolma2013	SELEX	23332764	SimilarityRegression	0	Ensembl	http://www.ensembl.org/	Q2M1V0	None
M05304_2.00_ISX_Homo_sapiens	M05304_2.00	ISX	Homo_sapiens	T209909_2.00	F223_2.00	TS12_2.00	MS62_2.00	ENSG00000175329	D	Homeodomain	Homeobox	1	0.598692764790911	ISX_eDBD_HT-SELEX	SELEX	Yin2017	SELEX	28473536	SimilarityRegression	0	Ensembl	http://www.ensembl.org/	Q2M1V0	None
M05305_2.00_ISX_Homo_sapiens	M05305_2.00	ISX	Homo_sapiens	T209909_2.00	F223_2.00	TS12_2.00	MS62_2.00	ENSG00000175329	D	Homeodomain	Homeobox	1	0.598692764790911	ISX_eDBD_Methyl-HT-SELEX_1	SELEX	Yin2017	SELEX	28473536	SimilarityRegression	0	Ensembl	http://www.ensembl.org/	Q2M1V0	None
M05306_2.00_ISX_Homo_sapiens	M05306_2.00	ISX	Homo_sapiens	T209909_2.00	F223_2.00	TS12_2.00	MS62_2.00	ENSG00000175329	D	Homeodomain	Homeobox	1	0.598692764790911	ISX_eDBD_Methyl-HT-SELEX_2	SELEX	Yin2017	SELEX	28473536	SimilarityRegression	0	Ensembl	http://www.ensembl.org/	Q2M1V0	None
M05307_2.00_ISX_Homo_sapiens	M05307_2.00	ISX	Homo_sapiens	T209909_2.00	F223_2.00	TS12_2.00	MS62_2.00	ENSG00000175329	D	Homeodomain	Homeobox	1	0.598692764790911	ISX_FL_HT-SELEX	SELEX	Yin2017	SELEX	28473536	SimilarityRegression	0	Ensembl	http://www.ensembl.org/	Q2M1V0	None
M05308_2.00_ISX_Homo_sapiens	M05308_2.00	ISX	Homo_sapiens	T209909_2.00	F223_2.00	TS12_2.00	MS62_2.00	ENSG00000175329	D	Homeodomain	Homeobox	1	0.598692764790911	ISX_FL_Methyl-HT-SELEX_1	SELEX	Yin2017	SELEX	28473536	SimilarityRegression	0	Ensembl	http://www.ensembl.org/	Q2M1V0	None
M05309_2.00_ISX_Homo_sapiens	M05309_2.00	ISX	Homo_sapiens	T209909_2.00	F223_2.00	TS12_2.00	MS62_2.00	ENSG00000175329	D	Homeodomain	Homeobox	1	0.598692764790911	ISX_FL_Methyl-HT-SELEX_2	SELEX	Yin2017	SELEX	28473536	SimilarityRegression	0	Ensembl	http://www.ensembl.org/	Q2M1V0	None
M00325_2.00_SIX6_Homo_sapiens	M00325_2.00	SIX6	Homo_sapiens	T209927_2.00	F223_2.00	TS12_2.00	MS04_2.00	ENSG00000184302	D	Homeodomain	Homeobox	1	0.598692764790911	SIX6_H141N	PBM	Barrera2016	PBM	27013732	SimilarityRegression	0	Ensembl	http://www.ensembl.org/	O95475	Q6P051
M00326_2.00_SIX6_Homo_sapiens	M00326_2.00	SIX6	Homo_sapiens	T209927_2.00	F223_2.00	TS12_2.00	MS04_2.00	ENSG00000184302	D	Homeodomain	Homeobox	1	0.598692764790911	SIX6_REF	PBM	Barrera2016	PBM	27013732	SimilarityRegression	0	Ensembl	http://www.ensembl.org/	O95475	Q6P051
M00327_2.00_SIX6_Homo_sapiens	M00327_2.00	SIX6	Homo_sapiens	T209927_2.00	F223_2.00	TS12_2.00	MS04_2.00	ENSG00000184302	D	Homeodomain	Homeobox	1	0.598692764790911	SIX6_T165A	PBM	Barrera2016	PBM	27013732	SimilarityRegression	0	Ensembl	http://www.ensembl.org/	O95475	Q6P051
M05357_2.00_SIX6_Homo_sapiens	M05357_2.00	SIX6	Homo_sapiens	T209927_2.00	F223_2.00	TS12_2.00	MS62_2.00	ENSG00000184302	D	Homeodomain	Homeobox	1	0.598692764790911	SIX6_eDBD_HT-SELEX	SELEX	Yin2017	SELEX	28473536	SimilarityRegression	0	Ensembl	http://www.ensembl.org/	O95475	Q6P051
M05358_2.00_SIX6_Homo_sapiens	M05358_2.00	SIX6	Homo_sapiens	T209927_2.00	F223_2.00	TS12_2.00	MS62_2.00	ENSG00000184302	D	Homeodomain	Homeobox	1	0.598692764790911	SIX6_eDBD_Methyl-HT-SELEX	SELEX	Yin2017	SELEX	28473536	SimilarityRegression	0	Ensembl	http://www.ensembl.org/	O95475	Q6P051
M00328_2.00_HOXC4_Homo_sapiens	M00328_2.00	HOXC4	Homo_sapiens	T209939_2.00	F223_2.00	TS12_2.00	MS04_2.00	ENSG00000198353	D	Homeodomain	Homeobox	1	0.598692764790911	HOXC4_N178S	PBM	Barrera2016	PBM	27013732	SimilarityRegression	0	Ensembl	http://www.ensembl.org/	P09017	['Q86TF7', 'A0A024RB51']
M00329_2.00_HOXC4_Homo_sapiens	M00329_2.00	HOXC4	Homo_sapiens	T209939_2.00	F223_2.00	TS12_2.00	MS04_2.00	ENSG00000198353	D	Homeodomain	Homeobox	1	0.598692764790911	HOXC4_R158L	PBM	Barrera2016	PBM	27013732	SimilarityRegression	0	Ensembl	http://www.ensembl.org/	P09017	['Q86TF7', 'A0A024RB51']
M00330_2.00_HOXC4_Homo_sapiens	M00330_2.00	HOXC4	Homo_sapiens	T209939_2.00	F223_2.00	TS12_2.00	MS04_2.00	ENSG00000198353	D	Homeodomain	Homeobox	1	0.598692764790911	HOXC4_REF	PBM	Barrera2016	PBM	27013732	SimilarityRegression	0	Ensembl	http://www.ensembl.org/	P09017	['Q86TF7', 'A0A024RB51']
M05385_2.00_HOXC4_Homo_sapiens	M05385_2.00	HOXC4	Homo_sapiens	T209939_2.00	F223_2.00	TS12_2.00	MS62_2.00	ENSG00000198353	D	Homeodomain	Homeobox	1	0.598692764790911	HOXC4_FL_HT-SELEX	SELEX	Yin2017	SELEX	28473536	SimilarityRegression	0	Ensembl	http://www.ensembl.org/	P09017	['Q86TF7', 'A0A024RB51']
M05386_2.00_HOXC4_Homo_sapiens	M05386_2.00	HOXC4	Homo_sapiens	T209939_2.00	F223_2.00	TS12_2.00	MS62_2.00	ENSG00000198353	D	Homeodomain	Homeobox	1	0.598692764790911	HOXC4_FL_Methyl-HT-SELEX_1	SELEX	Yin2017	SELEX	28473536	SimilarityRegression	0	Ensembl	http://www.ensembl.org/	P09017	['Q86TF7', 'A0A024RB51']
M05387_2.00_HOXC4_Homo_sapiens	M05387_2.00	HOXC4	Homo_sapiens	T209939_2.00	F223_2.00	TS12_2.00	MS62_2.00	ENSG00000198353	D	Homeodomain	Homeobox	1	0.598692764790911	HOXC4_FL_Methyl-HT-SELEX_2	SELEX	Yin2017	SELEX	28473536	SimilarityRegression	0	Ensembl	http://www.ensembl.org/	P09017	['Q86TF7', 'A0A024RB51']
M00331_2.00_HOXB7_Homo_sapiens	M00331_2.00	HOXB7	Homo_sapiens	T209955_2.00	F223_2.00	TS12_2.00	MS04_2.00	ENSG00000260027	D	Homeodomain	Homeobox	1	0.598692764790911	HOXB7_K191R	PBM	Barrera2016	PBM	27013732	SimilarityRegression	0	Ensembl	http://www.ensembl.org/	P09629	None
M00332_2.00_HOXB7_Homo_sapiens	M00332_2.00	HOXB7	Homo_sapiens	T209955_2.00	F223_2.00	TS12_2.00	MS04_2.00	ENSG00000260027	D	Homeodomain	Homeobox	1	0.598692764790911	HOXB7_M190L	PBM	Barrera2016	PBM	27013732	SimilarityRegression	0	Ensembl	http://www.ensembl.org/	P09629	None
M00333_2.00_HOXB7_Homo_sapiens	M00333_2.00	HOXB7	Homo_sapiens	T209955_2.00	F223_2.00	TS12_2.00	MS04_2.00	ENSG00000260027	D	Homeodomain	Homeobox	1	0.598692764790911	HOXB7_R189C	PBM	Barrera2016	PBM	27013732	SimilarityRegression	0	Ensembl	http://www.ensembl.org/	P09629	None
M00334_2.00_HOXB7_Homo_sapiens	M00334_2.00	HOXB7	Homo_sapiens	T209955_2.00	F223_2.00	TS12_2.00	MS04_2.00	ENSG00000260027	D	Homeodomain	Homeobox	1	0.598692764790911	HOXB7_REF	PBM	Barrera2016	PBM	27013732	SimilarityRegression	0	Ensembl	http://www.ensembl.org/	P09629	None
M05404_2.00_HOXB7_Homo_sapiens	M05404_2.00	HOXB7	Homo_sapiens	T209955_2.00	F223_2.00	TS12_2.00	MS62_2.00	ENSG00000260027	D	Homeodomain	Homeobox	1	0.598692764790911	HOXB7_eDBD_HT-SELEX	SELEX	Yin2017	SELEX	28473536	SimilarityRegression	0	Ensembl	http://www.ensembl.org/	P09629	None
M05405_2.00_HOXB7_Homo_sapiens	M05405_2.00	HOXB7	Homo_sapiens	T209955_2.00	F223_2.00	TS12_2.00	MS62_2.00	ENSG00000260027	D	Homeodomain	Homeobox	1	0.598692764790911	HOXB7_eDBD_Methyl-HT-SELEX_1	SELEX	Yin2017	SELEX	28473536	SimilarityRegression	0	Ensembl	http://www.ensembl.org/	P09629	None
M05406_2.00_HOXB7_Homo_sapiens	M05406_2.00	HOXB7	Homo_sapiens	T209955_2.00	F223_2.00	TS12_2.00	MS62_2.00	ENSG00000260027	D	Homeodomain	Homeobox	1	0.598692764790911	HOXB7_eDBD_Methyl-HT-SELEX_2	SELEX	Yin2017	SELEX	28473536	SimilarityRegression	0	Ensembl	http://www.ensembl.org/	P09629	None
M05407_2.00_HOXB7_Homo_sapiens	M05407_2.00	HOXB7	Homo_sapiens	T209955_2.00	F223_2.00	TS12_2.00	MS62_2.00	ENSG00000260027	D	Homeodomain	Homeobox	1	0.598692764790911	HOXB7_FL_HT-SELEX	SELEX	Yin2017	SELEX	28473536	SimilarityRegression	0	Ensembl	http://www.ensembl.org/	P09629	None
M05408_2.00_HOXB7_Homo_sapiens	M05408_2.00	HOXB7	Homo_sapiens	T209955_2.00	F223_2.00	TS12_2.00	MS62_2.00	ENSG00000260027	D	Homeodomain	Homeobox	1	0.598692764790911	HOXB7_FL_Methyl-HT-SELEX_1	SELEX	Yin2017	SELEX	28473536	SimilarityRegression	0	Ensembl	http://www.ensembl.org/	P09629	None
M05409_2.00_HOXB7_Homo_sapiens	M05409_2.00	HOXB7	Homo_sapiens	T209955_2.00	F223_2.00	TS12_2.00	MS62_2.00	ENSG00000260027	D	Homeodomain	Homeobox	1	0.598692764790911	HOXB7_FL_Methyl-HT-SELEX_2	SELEX	Yin2017	SELEX	28473536	SimilarityRegression	0	Ensembl	http://www.ensembl.org/	P09629	None
M00335_2.00_PAX6_Homo_sapiens	M00335_2.00	PAX6	Homo_sapiens	T237339_2.00	F230_2.00	TS12_2.00	MS04_2.00	ENSG00000007372	D	Homeodomain,Paired box	Homeobox,PAX	2	0.7	PAX6_A79E	PBM	Barrera2016	PBM	27013732	SequenceIdentity	1	Ensembl	http://www.ensembl.org/	P26367	['Q66SS1', 'F1T0F8', 'D1KF47', 'A0A1W2PRA8', 'A0A1W2PQA8', 'A0A1W2PPJ2', 'A0A1W2PPH0', 'A0A1W2PQ31', 'A0A1W2PSB5', 'A0A1W2PRG3', 'A0A1W2PSA8', 'A0A1W2PS91', 'A0A1W2PQL7', 'A0A1W2PRH6', 'A0A1W2PQJ8', 'A0A1W2PRU4', 'A0A1W2PRA4', 'A0A1W2PQG7', 'A0A1W2PQM7', 'A0A1W2PR58', 'A0A1W2PNS7', 'A0A1W2PPM5', 'A0A1W2PP27', 'A0A1W2PP89', 'A0A1W2PRW7', 'A0A1X7SBT0', 'B1B1I8', 'B1B1J0', 'A0A1W2PQG3', 'A0A1W2PPG3', 'B1B1I9', 'A0A1W2PQW3', 'A0A1W2PRS6', 'E9PKM0', 'A0A1W2PPN2']
M00336_2.00_PAX6_Homo_sapiens	M00336_2.00	PAX6	Homo_sapiens	T237339_2.00	F230_2.00	TS12_2.00	MS04_2.00	ENSG00000007372	D	Homeodomain,Paired box	Homeobox,PAX	2	0.7	PAX6_F258S	PBM	Barrera2016	PBM	27013732	SequenceIdentity	1	Ensembl	http://www.ensembl.org/	P26367	['Q66SS1', 'F1T0F8', 'D1KF47', 'A0A1W2PRA8', 'A0A1W2PQA8', 'A0A1W2PPJ2', 'A0A1W2PPH0', 'A0A1W2PQ31', 'A0A1W2PSB5', 'A0A1W2PRG3', 'A0A1W2PSA8', 'A0A1W2PS91', 'A0A1W2PQL7', 'A0A1W2PRH6', 'A0A1W2PQJ8', 'A0A1W2PRU4', 'A0A1W2PRA4', 'A0A1W2PQG7', 'A0A1W2PQM7', 'A0A1W2PR58', 'A0A1W2PNS7', 'A0A1W2PPM5', 'A0A1W2PP27', 'A0A1W2PP89', 'A0A1W2PRW7', 'A0A1X7SBT0', 'B1B1I8', 'B1B1J0', 'A0A1W2PQG3', 'A0A1W2PPG3', 'B1B1I9', 'A0A1W2PQW3', 'A0A1W2PRS6', 'E9PKM0', 'A0A1W2PPN2']
M00337_2.00_PAX6_Homo_sapiens	M00337_2.00	PAX6	Homo_sapiens	T237339_2.00	F230_2.00	TS12_2.00	MS04_2.00	ENSG00000007372	D	Homeodomain,Paired box	Homeobox,PAX	2	0.7	PAX6_P118R	PBM	Barrera2016	PBM	27013732	SequenceIdentity	1	Ensembl	http://www.ensembl.org/	P26367	['Q66SS1', 'F1T0F8', 'D1KF47', 'A0A1W2PRA8', 'A0A1W2PQA8', 'A0A1W2PPJ2', 'A0A1W2PPH0', 'A0A1W2PQ31', 'A0A1W2PSB5', 'A0A1W2PRG3', 'A0A1W2PSA8', 'A0A1W2PS91', 'A0A1W2PQL7', 'A0A1W2PRH6', 'A0A1W2PQJ8', 'A0A1W2PRU4', 'A0A1W2PRA4', 'A0A1W2PQG7', 'A0A1W2PQM7', 'A0A1W2PR58', 'A0A1W2PNS7', 'A0A1W2PPM5', 'A0A1W2PP27', 'A0A1W2PP89', 'A0A1W2PRW7', 'A0A1X7SBT0', 'B1B1I8', 'B1B1J0', 'A0A1W2PQG3', 'A0A1W2PPG3', 'B1B1I9', 'A0A1W2PQW3', 'A0A1W2PRS6', 'E9PKM0', 'A0A1W2PPN2']
M00338_2.00_PAX6_Homo_sapiens	M00338_2.00	PAX6	Homo_sapiens	T237339_2.00	F230_2.00	TS12_2.00	MS04_2.00	ENSG00000007372	D	Homeodomain,Paired box	Homeobox,PAX	2	0.7	PAX6_P68S	PBM	Barrera2016	PBM	27013732	SequenceIdentity	1	Ensembl	http://www.ensembl.org/	P26367	['Q66SS1', 'F1T0F8', 'D1KF47', 'A0A1W2PRA8', 'A0A1W2PQA8', 'A0A1W2PPJ2', 'A0A1W2PPH0', 'A0A1W2PQ31', 'A0A1W2PSB5', 'A0A1W2PRG3', 'A0A1W2PSA8', 'A0A1W2PS91', 'A0A1W2PQL7', 'A0A1W2PRH6', 'A0A1W2PQJ8', 'A0A1W2PRU4', 'A0A1W2PRA4', 'A0A1W2PQG7', 'A0A1W2PQM7', 'A0A1W2PR58', 'A0A1W2PNS7', 'A0A1W2PPM5', 'A0A1W2PP27', 'A0A1W2PP89', 'A0A1W2PRW7', 'A0A1X7SBT0', 'B1B1I8', 'B1B1J0', 'A0A1W2PQG3', 'A0A1W2PPG3', 'B1B1I9', 'A0A1W2PQW3', 'A0A1W2PRS6', 'E9PKM0', 'A0A1W2PPN2']
M00339_2.00_PAX6_Homo_sapiens	M00339_2.00	PAX6	Homo_sapiens	T237339_2.00	F230_2.00	TS12_2.00	MS04_2.00	ENSG00000007372	D	Homeodomain,Paired box	Homeobox,PAX	2	0.7	PAX6_R128C	PBM	Barrera2016	PBM	27013732	SequenceIdentity	1	Ensembl	http://www.ensembl.org/	P26367	['Q66SS1', 'F1T0F8', 'D1KF47', 'A0A1W2PRA8', 'A0A1W2PQA8', 'A0A1W2PPJ2', 'A0A1W2PPH0', 'A0A1W2PQ31', 'A0A1W2PSB5', 'A0A1W2PRG3', 'A0A1W2PSA8', 'A0A1W2PS91', 'A0A1W2PQL7', 'A0A1W2PRH6', 'A0A1W2PQJ8', 'A0A1W2PRU4', 'A0A1W2PRA4', 'A0A1W2PQG7', 'A0A1W2PQM7', 'A0A1W2PR58', 'A0A1W2PNS7', 'A0A1W2PPM5', 'A0A1W2PP27', 'A0A1W2PP89', 'A0A1W2PRW7', 'A0A1X7SBT0', 'B1B1I8', 'B1B1J0', 'A0A1W2PQG3', 'A0A1W2PPG3', 'B1B1I9', 'A0A1W2PQW3', 'A0A1W2PRS6', 'E9PKM0', 'A0A1W2PPN2']
M00340_2.00_PAX6_Homo_sapiens	M00340_2.00	PAX6	Homo_sapiens	T237339_2.00	F230_2.00	TS12_2.00	MS04_2.00	ENSG00000007372	D	Homeodomain,Paired box	Homeobox,PAX	2	0.7	PAX6_R242T	PBM	Barrera2016	PBM	27013732	SequenceIdentity	1	Ensembl	http://www.ensembl.org/	P26367	['Q66SS1', 'F1T0F8', 'D1KF47', 'A0A1W2PRA8', 'A0A1W2PQA8', 'A0A1W2PPJ2', 'A0A1W2PPH0', 'A0A1W2PQ31', 'A0A1W2PSB5', 'A0A1W2PRG3', 'A0A1W2PSA8', 'A0A1W2PS91', 'A0A1W2PQL7', 'A0A1W2PRH6', 'A0A1W2PQJ8', 'A0A1W2PRU4', 'A0A1W2PRA4', 'A0A1W2PQG7', 'A0A1W2PQM7', 'A0A1W2PR58', 'A0A1W2PNS7', 'A0A1W2PPM5', 'A0A1W2PP27', 'A0A1W2PP89', 'A0A1W2PRW7', 'A0A1X7SBT0', 'B1B1I8', 'B1B1J0', 'A0A1W2PQG3', 'A0A1W2PPG3', 'B1B1I9', 'A0A1W2PQW3', 'A0A1W2PRS6', 'E9PKM0', 'A0A1W2PPN2']
M00341_2.00_PAX6_Homo_sapiens	M00341_2.00	PAX6	Homo_sapiens	T237339_2.00	F230_2.00	TS12_2.00	MS04_2.00	ENSG00000007372	D	Homeodomain,Paired box	Homeobox,PAX	2	0.7	PAX6_R26G	PBM	Barrera2016	PBM	27013732	SequenceIdentity	1	Ensembl	http://www.ensembl.org/	P26367	['Q66SS1', 'F1T0F8', 'D1KF47', 'A0A1W2PRA8', 'A0A1W2PQA8', 'A0A1W2PPJ2', 'A0A1W2PPH0', 'A0A1W2PQ31', 'A0A1W2PSB5', 'A0A1W2PRG3', 'A0A1W2PSA8', 'A0A1W2PS91', 'A0A1W2PQL7', 'A0A1W2PRH6', 'A0A1W2PQJ8', 'A0A1W2PRU4', 'A0A1W2PRA4', 'A0A1W2PQG7', 'A0A1W2PQM7', 'A0A1W2PR58', 'A0A1W2PNS7', 'A0A1W2PPM5', 'A0A1W2PP27', 'A0A1W2PP89', 'A0A1W2PRW7', 'A0A1X7SBT0', 'B1B1I8', 'B1B1J0', 'A0A1W2PQG3', 'A0A1W2PPG3', 'B1B1I9', 'A0A1W2PQW3', 'A0A1W2PRS6', 'E9PKM0', 'A0A1W2PPN2']
M00342_2.00_PAX6_Homo_sapiens	M00342_2.00	PAX6	Homo_sapiens	T237339_2.00	F230_2.00	TS12_2.00	MS04_2.00	ENSG00000007372	D	Homeodomain,Paired box	Homeobox,PAX	2	0.7	PAX6_REF	PBM	Barrera2016	PBM	27013732	SequenceIdentity	1	Ensembl	http://www.ensembl.org/	P26367	['Q66SS1', 'F1T0F8', 'D1KF47', 'A0A1W2PRA8', 'A0A1W2PQA8', 'A0A1W2PPJ2', 'A0A1W2PPH0', 'A0A1W2PQ31', 'A0A1W2PSB5', 'A0A1W2PRG3', 'A0A1W2PSA8', 'A0A1W2PS91', 'A0A1W2PQL7', 'A0A1W2PRH6', 'A0A1W2PQJ8', 'A0A1W2PRU4', 'A0A1W2PRA4', 'A0A1W2PQG7', 'A0A1W2PQM7', 'A0A1W2PR58', 'A0A1W2PNS7', 'A0A1W2PPM5', 'A0A1W2PP27', 'A0A1W2PP89', 'A0A1W2PRW7', 'A0A1X7SBT0', 'B1B1I8', 'B1B1J0', 'A0A1W2PQG3', 'A0A1W2PPG3', 'B1B1I9', 'A0A1W2PQW3', 'A0A1W2PRS6', 'E9PKM0', 'A0A1W2PPN2']
M00343_2.00_PAX6_Homo_sapiens	M00343_2.00	PAX6	Homo_sapiens	T237339_2.00	F230_2.00	TS12_2.00	MS04_2.00	ENSG00000007372	D	Homeodomain,Paired box	Homeobox,PAX	2	0.7	PAX6_S119R	PBM	Barrera2016	PBM	27013732	SequenceIdentity	1	Ensembl	http://www.ensembl.org/	P26367	['Q66SS1', 'F1T0F8', 'D1KF47', 'A0A1W2PRA8', 'A0A1W2PQA8', 'A0A1W2PPJ2', 'A0A1W2PPH0', 'A0A1W2PQ31', 'A0A1W2PSB5', 'A0A1W2PRG3', 'A0A1W2PSA8', 'A0A1W2PS91', 'A0A1W2PQL7', 'A0A1W2PRH6', 'A0A1W2PQJ8', 'A0A1W2PRU4', 'A0A1W2PRA4', 'A0A1W2PQG7', 'A0A1W2PQM7', 'A0A1W2PR58', 'A0A1W2PNS7', 'A0A1W2PPM5', 'A0A1W2PP27', 'A0A1W2PP89', 'A0A1W2PRW7', 'A0A1X7SBT0', 'B1B1I8', 'B1B1J0', 'A0A1W2PQG3', 'A0A1W2PPG3', 'B1B1I9', 'A0A1W2PQW3', 'A0A1W2PRS6', 'E9PKM0', 'A0A1W2PPN2']
M00344_2.00_PAX6_Homo_sapiens	M00344_2.00	PAX6	Homo_sapiens	T237339_2.00	F230_2.00	TS12_2.00	MS04_2.00	ENSG00000007372	D	Homeodomain,Paired box	Homeobox,PAX	2	0.7	PAX6_V126D	PBM	Barrera2016	PBM	27013732	SequenceIdentity	1	Ensembl	http://www.ensembl.org/	P26367	['Q66SS1', 'F1T0F8', 'D1KF47', 'A0A1W2PRA8', 'A0A1W2PQA8', 'A0A1W2PPJ2', 'A0A1W2PPH0', 'A0A1W2PQ31', 'A0A1W2PSB5', 'A0A1W2PRG3', 'A0A1W2PSA8', 'A0A1W2PS91', 'A0A1W2PQL7', 'A0A1W2PRH6', 'A0A1W2PQJ8', 'A0A1W2PRU4', 'A0A1W2PRA4', 'A0A1W2PQG7', 'A0A1W2PQM7', 'A0A1W2PR58', 'A0A1W2PNS7', 'A0A1W2PPM5', 'A0A1W2PP27', 'A0A1W2PP89', 'A0A1W2PRW7', 'A0A1X7SBT0', 'B1B1I8', 'B1B1J0', 'A0A1W2PQG3', 'A0A1W2PPG3', 'B1B1I9', 'A0A1W2PQW3', 'A0A1W2PRS6', 'E9PKM0', 'A0A1W2PPN2']
M03291_2.00_PAX6_Homo_sapiens	M03291_2.00	PAX6	Homo_sapiens	T237339_2.00	F230_2.00	TS12_2.00	MS33_2.00	ENSG00000007372	D	Homeodomain,Paired box	Homeobox,PAX	2	0.7	PAX6_1	SELEX	Jolma2013	SELEX	23332764	SequenceIdentity	1	Ensembl	http://www.ensembl.org/	P26367	['Q66SS1', 'F1T0F8', 'D1KF47', 'A0A1W2PRA8', 'A0A1W2PQA8', 'A0A1W2PPJ2', 'A0A1W2PPH0', 'A0A1W2PQ31', 'A0A1W2PSB5', 'A0A1W2PRG3', 'A0A1W2PSA8', 'A0A1W2PS91', 'A0A1W2PQL7', 'A0A1W2PRH6', 'A0A1W2PQJ8', 'A0A1W2PRU4', 'A0A1W2PRA4', 'A0A1W2PQG7', 'A0A1W2PQM7', 'A0A1W2PR58', 'A0A1W2PNS7', 'A0A1W2PPM5', 'A0A1W2PP27', 'A0A1W2PP89', 'A0A1W2PRW7', 'A0A1X7SBT0', 'B1B1I8', 'B1B1J0', 'A0A1W2PQG3', 'A0A1W2PPG3', 'B1B1I9', 'A0A1W2PQW3', 'A0A1W2PRS6', 'E9PKM0', 'A0A1W2PPN2']
M05412_2.00_PAX6_Homo_sapiens	M05412_2.00	PAX6	Homo_sapiens	T237339_2.00	F230_2.00	TS12_2.00	MS62_2.00	ENSG00000007372	D	Homeodomain,Paired box	Homeobox,PAX	2	0.7	PAX6_eDBD_HT-SELEX	SELEX	Yin2017	SELEX	28473536	SequenceIdentity	1	Ensembl	http://www.ensembl.org/	P26367	['Q66SS1', 'F1T0F8', 'D1KF47', 'A0A1W2PRA8', 'A0A1W2PQA8', 'A0A1W2PPJ2', 'A0A1W2PPH0', 'A0A1W2PQ31', 'A0A1W2PSB5', 'A0A1W2PRG3', 'A0A1W2PSA8', 'A0A1W2PS91', 'A0A1W2PQL7', 'A0A1W2PRH6', 'A0A1W2PQJ8', 'A0A1W2PRU4', 'A0A1W2PRA4', 'A0A1W2PQG7', 'A0A1W2PQM7', 'A0A1W2PR58', 'A0A1W2PNS7', 'A0A1W2PPM5', 'A0A1W2PP27', 'A0A1W2PP89', 'A0A1W2PRW7', 'A0A1X7SBT0', 'B1B1I8', 'B1B1J0', 'A0A1W2PQG3', 'A0A1W2PPG3', 'B1B1I9', 'A0A1W2PQW3', 'A0A1W2PRS6', 'E9PKM0', 'A0A1W2PPN2']
M05413_2.00_PAX6_Homo_sapiens	M05413_2.00	PAX6	Homo_sapiens	T237339_2.00	F230_2.00	TS12_2.00	MS62_2.00	ENSG00000007372	D	Homeodomain,Paired box	Homeobox,PAX	2	0.7	PAX6_eDBD_Methyl-HT-SELEX	SELEX	Yin2017	SELEX	28473536	SequenceIdentity	1	Ensembl	http://www.ensembl.org/	P26367	['Q66SS1', 'F1T0F8', 'D1KF47', 'A0A1W2PRA8', 'A0A1W2PQA8', 'A0A1W2PPJ2', 'A0A1W2PPH0', 'A0A1W2PQ31', 'A0A1W2PSB5', 'A0A1W2PRG3', 'A0A1W2PSA8', 'A0A1W2PS91', 'A0A1W2PQL7', 'A0A1W2PRH6', 'A0A1W2PQJ8', 'A0A1W2PRU4', 'A0A1W2PRA4', 'A0A1W2PQG7', 'A0A1W2PQM7', 'A0A1W2PR58', 'A0A1W2PNS7', 'A0A1W2PPM5', 'A0A1W2PP27', 'A0A1W2PP89', 'A0A1W2PRW7', 'A0A1X7SBT0', 'B1B1I8', 'B1B1J0', 'A0A1W2PQG3', 'A0A1W2PPG3', 'B1B1I9', 'A0A1W2PQW3', 'A0A1W2PRS6', 'E9PKM0', 'A0A1W2PPN2']
M05414_2.00_PAX6_Homo_sapiens	M05414_2.00	PAX6	Homo_sapiens	T237339_2.00	F230_2.00	TS12_2.00	MS62_2.00	ENSG00000007372	D	Homeodomain,Paired box	Homeobox,PAX	2	0.7	PAX6_FL_HT-SELEX	SELEX	Yin2017	SELEX	28473536	SequenceIdentity	1	Ensembl	http://www.ensembl.org/	P26367	['Q66SS1', 'F1T0F8', 'D1KF47', 'A0A1W2PRA8', 'A0A1W2PQA8', 'A0A1W2PPJ2', 'A0A1W2PPH0', 'A0A1W2PQ31', 'A0A1W2PSB5', 'A0A1W2PRG3', 'A0A1W2PSA8', 'A0A1W2PS91', 'A0A1W2PQL7', 'A0A1W2PRH6', 'A0A1W2PQJ8', 'A0A1W2PRU4', 'A0A1W2PRA4', 'A0A1W2PQG7', 'A0A1W2PQM7', 'A0A1W2PR58', 'A0A1W2PNS7', 'A0A1W2PPM5', 'A0A1W2PP27', 'A0A1W2PP89', 'A0A1W2PRW7', 'A0A1X7SBT0', 'B1B1I8', 'B1B1J0', 'A0A1W2PQG3', 'A0A1W2PPG3', 'B1B1I9', 'A0A1W2PQW3', 'A0A1W2PRS6', 'E9PKM0', 'A0A1W2PPN2']
M05415_2.00_PAX6_Homo_sapiens	M05415_2.00	PAX6	Homo_sapiens	T237339_2.00	F230_2.00	TS12_2.00	MS62_2.00	ENSG00000007372	D	Homeodomain,Paired box	Homeobox,PAX	2	0.7	PAX6_FL_Methyl-HT-SELEX	SELEX	Yin2017	SELEX	28473536	SequenceIdentity	1	Ensembl	http://www.ensembl.org/	P26367	['Q66SS1', 'F1T0F8', 'D1KF47', 'A0A1W2PRA8', 'A0A1W2PQA8', 'A0A1W2PPJ2', 'A0A1W2PPH0', 'A0A1W2PQ31', 'A0A1W2PSB5', 'A0A1W2PRG3', 'A0A1W2PSA8', 'A0A1W2PS91', 'A0A1W2PQL7', 'A0A1W2PRH6', 'A0A1W2PQJ8', 'A0A1W2PRU4', 'A0A1W2PRA4', 'A0A1W2PQG7', 'A0A1W2PQM7', 'A0A1W2PR58', 'A0A1W2PNS7', 'A0A1W2PPM5', 'A0A1W2PP27', 'A0A1W2PP89', 'A0A1W2PRW7', 'A0A1X7SBT0', 'B1B1I8', 'B1B1J0', 'A0A1W2PQG3', 'A0A1W2PPG3', 'B1B1I9', 'A0A1W2PQW3', 'A0A1W2PRS6', 'E9PKM0', 'A0A1W2PPN2']
M00345_2.00_PAX7_Homo_sapiens	M00345_2.00	PAX7	Homo_sapiens	T237340_2.00	F230_2.00	TS12_2.00	MS04_2.00	ENSG00000009709	D	Homeodomain,Paired box	Homeobox,PAX	2	0.7	PAX7_P112L	PBM	Barrera2016	PBM	27013732	SequenceIdentity	1	Ensembl	http://www.ensembl.org/	P23759	None
M00346_2.00_PAX7_Homo_sapiens	M00346_2.00	PAX7	Homo_sapiens	T237340_2.00	F230_2.00	TS12_2.00	MS04_2.00	ENSG00000009709	D	Homeodomain,Paired box	Homeobox,PAX	2	0.7	PAX7_REF	PBM	Barrera2016	PBM	27013732	SequenceIdentity	1	Ensembl	http://www.ensembl.org/	P23759	None
M03292_2.00_PAX7_Homo_sapiens	M03292_2.00	PAX7	Homo_sapiens	T237340_2.00	F230_2.00	TS12_2.00	MS33_2.00	ENSG00000009709	D	Homeodomain,Paired box	Homeobox,PAX	2	0.7	PAX7_1	SELEX	Jolma2013	SELEX	23332764	SequenceIdentity	1	Ensembl	http://www.ensembl.org/	P23759	None
M03293_2.00_PAX7_Homo_sapiens	M03293_2.00	PAX7	Homo_sapiens	T237340_2.00	F230_2.00	TS12_2.00	MS33_2.00	ENSG00000009709	D	Homeodomain,Paired box	Homeobox,PAX	2	0.7	PAX7_2	SELEX	Jolma2013	SELEX	23332764	SequenceIdentity	1	Ensembl	http://www.ensembl.org/	P23759	None
M05416_2.00_PAX7_Homo_sapiens	M05416_2.00	PAX7	Homo_sapiens	T237340_2.00	F230_2.00	TS12_2.00	MS62_2.00	ENSG00000009709	D	Homeodomain,Paired box	Homeobox,PAX	2	0.7	PAX7_eDBD_HT-SELEX_1	SELEX	Yin2017	SELEX	28473536	SequenceIdentity	1	Ensembl	http://www.ensembl.org/	P23759	None
M05417_2.00_PAX7_Homo_sapiens	M05417_2.00	PAX7	Homo_sapiens	T237340_2.00	F230_2.00	TS12_2.00	MS62_2.00	ENSG00000009709	D	Homeodomain,Paired box	Homeobox,PAX	2	0.7	PAX7_eDBD_HT-SELEX_2	SELEX	Yin2017	SELEX	28473536	SequenceIdentity	1	Ensembl	http://www.ensembl.org/	P23759	None
M05418_2.00_PAX7_Homo_sapiens	M05418_2.00	PAX7	Homo_sapiens	T237340_2.00	F230_2.00	TS12_2.00	MS62_2.00	ENSG00000009709	D	Homeodomain,Paired box	Homeobox,PAX	2	0.7	PAX7_eDBD_HT-SELEX_3	SELEX	Yin2017	SELEX	28473536	SequenceIdentity	1	Ensembl	http://www.ensembl.org/	P23759	None
M05419_2.00_PAX7_Homo_sapiens	M05419_2.00	PAX7	Homo_sapiens	T237340_2.00	F230_2.00	TS12_2.00	MS62_2.00	ENSG00000009709	D	Homeodomain,Paired box	Homeobox,PAX	2	0.7	PAX7_eDBD_Methyl-HT-SELEX_1	SELEX	Yin2017	SELEX	28473536	SequenceIdentity	1	Ensembl	http://www.ensembl.org/	P23759	None
M05420_2.00_PAX7_Homo_sapiens	M05420_2.00	PAX7	Homo_sapiens	T237340_2.00	F230_2.00	TS12_2.00	MS62_2.00	ENSG00000009709	D	Homeodomain,Paired box	Homeobox,PAX	2	0.7	PAX7_eDBD_Methyl-HT-SELEX_2	SELEX	Yin2017	SELEX	28473536	SequenceIdentity	1	Ensembl	http://www.ensembl.org/	P23759	None
M05421_2.00_PAX7_Homo_sapiens	M05421_2.00	PAX7	Homo_sapiens	T237340_2.00	F230_2.00	TS12_2.00	MS62_2.00	ENSG00000009709	D	Homeodomain,Paired box	Homeobox,PAX	2	0.7	PAX7_eDBD_Methyl-HT-SELEX_3	SELEX	Yin2017	SELEX	28473536	SequenceIdentity	1	Ensembl	http://www.ensembl.org/	P23759	None
M05422_2.00_PAX7_Homo_sapiens	M05422_2.00	PAX7	Homo_sapiens	T237340_2.00	F230_2.00	TS12_2.00	MS62_2.00	ENSG00000009709	D	Homeodomain,Paired box	Homeobox,PAX	2	0.7	PAX7_FL_HT-SELEX_1	SELEX	Yin2017	SELEX	28473536	SequenceIdentity	1	Ensembl	http://www.ensembl.org/	P23759	None
M05423_2.00_PAX7_Homo_sapiens	M05423_2.00	PAX7	Homo_sapiens	T237340_2.00	F230_2.00	TS12_2.00	MS62_2.00	ENSG00000009709	D	Homeodomain,Paired box	Homeobox,PAX	2	0.7	PAX7_FL_HT-SELEX_2	SELEX	Yin2017	SELEX	28473536	SequenceIdentity	1	Ensembl	http://www.ensembl.org/	P23759	None
M05424_2.00_PAX7_Homo_sapiens	M05424_2.00	PAX7	Homo_sapiens	T237340_2.00	F230_2.00	TS12_2.00	MS62_2.00	ENSG00000009709	D	Homeodomain,Paired box	Homeobox,PAX	2	0.7	PAX7_FL_HT-SELEX_3	SELEX	Yin2017	SELEX	28473536	SequenceIdentity	1	Ensembl	http://www.ensembl.org/	P23759	None
M05425_2.00_PAX7_Homo_sapiens	M05425_2.00	PAX7	Homo_sapiens	T237340_2.00	F230_2.00	TS12_2.00	MS62_2.00	ENSG00000009709	D	Homeodomain,Paired box	Homeobox,PAX	2	0.7	PAX7_FL_Methyl-HT-SELEX_1	SELEX	Yin2017	SELEX	28473536	SequenceIdentity	1	Ensembl	http://www.ensembl.org/	P23759	None
M05426_2.00_PAX7_Homo_sapiens	M05426_2.00	PAX7	Homo_sapiens	T237340_2.00	F230_2.00	TS12_2.00	MS62_2.00	ENSG00000009709	D	Homeodomain,Paired box	Homeobox,PAX	2	0.7	PAX7_FL_Methyl-HT-SELEX_2	SELEX	Yin2017	SELEX	28473536	SequenceIdentity	1	Ensembl	http://www.ensembl.org/	P23759	None
M05427_2.00_PAX7_Homo_sapiens	M05427_2.00	PAX7	Homo_sapiens	T237340_2.00	F230_2.00	TS12_2.00	MS62_2.00	ENSG00000009709	D	Homeodomain,Paired box	Homeobox,PAX	2	0.7	PAX7_FL_Methyl-HT-SELEX_3	SELEX	Yin2017	SELEX	28473536	SequenceIdentity	1	Ensembl	http://www.ensembl.org/	P23759	None
M05874_2.00_PAX7_Homo_sapiens	M05874_2.00	PAX7	Homo_sapiens	T237340_2.00	F230_2.00	TS12_2.00	MS30_2.00	ENSG00000009709	D	Homeodomain,Paired box	Homeobox,PAX	2	0.7	PAX7	SMiLE-seq	Isakova2017	SMiLE-seq	28092692	SequenceIdentity	1	Ensembl	http://www.ensembl.org/	P23759	None
M00347_2.00_PAX4_Homo_sapiens	M00347_2.00	PAX4	Homo_sapiens	T237342_2.00	F230_2.00	TS12_2.00	MS04_2.00	ENSG00000106331	D	Homeodomain,Paired box	Homeobox,PAX	2	0.7	PAX4_R183C	PBM	Barrera2016	PBM	27013732	SequenceIdentity	1	Ensembl	http://www.ensembl.org/	None	None
M00348_2.00_PAX4_Homo_sapiens	M00348_2.00	PAX4	Homo_sapiens	T237342_2.00	F230_2.00	TS12_2.00	MS04_2.00	ENSG00000106331	D	Homeodomain,Paired box	Homeobox,PAX	2	0.7	PAX4_R192H	PBM	Barrera2016	PBM	27013732	SequenceIdentity	1	Ensembl	http://www.ensembl.org/	None	None
M00349_2.00_PAX4_Homo_sapiens	M00349_2.00	PAX4	Homo_sapiens	T237342_2.00	F230_2.00	TS12_2.00	MS04_2.00	ENSG00000106331	D	Homeodomain,Paired box	Homeobox,PAX	2	0.7	PAX4_R192S	PBM	Barrera2016	PBM	27013732	SequenceIdentity	1	Ensembl	http://www.ensembl.org/	None	None
M00350_2.00_PAX4_Homo_sapiens	M00350_2.00	PAX4	Homo_sapiens	T237342_2.00	F230_2.00	TS12_2.00	MS04_2.00	ENSG00000106331	D	Homeodomain,Paired box	Homeobox,PAX	2	0.7	PAX4_REF	PBM	Barrera2016	PBM	27013732	SequenceIdentity	1	Ensembl	http://www.ensembl.org/	None	None
M00351_2.00_PAX4_Homo_sapiens	M00351_2.00	PAX4	Homo_sapiens	T237342_2.00	F230_2.00	TS12_2.00	MS04_2.00	ENSG00000106331	D	Homeodomain,Paired box	Homeobox,PAX	2	0.7	PAX4_REF_R3	PBM	Barrera2016	PBM	27013732	SequenceIdentity	1	Ensembl	http://www.ensembl.org/	None	None
M03295_2.00_PAX4_Homo_sapiens	M03295_2.00	PAX4	Homo_sapiens	T237342_2.00	F230_2.00	TS12_2.00	MS33_2.00	ENSG00000106331	D	Homeodomain,Paired box	Homeobox,PAX	2	0.7	PAX4_1	SELEX	Jolma2013	SELEX	23332764	SequenceIdentity	1	Ensembl	http://www.ensembl.org/	None	None
M03296_2.00_PAX4_Homo_sapiens	M03296_2.00	PAX4	Homo_sapiens	T237342_2.00	F230_2.00	TS12_2.00	MS33_2.00	ENSG00000106331	D	Homeodomain,Paired box	Homeobox,PAX	2	0.7	PAX4_2	SELEX	Jolma2013	SELEX	23332764	SequenceIdentity	1	Ensembl	http://www.ensembl.org/	None	None
M03883_2.00_PAX4_Homo_sapiens	M03883_2.00	PAX4	Homo_sapiens	T237342_2.00	F230_2.00	TS12_2.00	MS45_2.00	ENSG00000106331	D	Homeodomain,Paired box	Homeobox,PAX	2	0.7	PAX4_1	SELEX	Nitta2015	SELEX	25779349	SequenceIdentity	1	Ensembl	http://www.ensembl.org/	None	None
M03884_2.00_PAX4_Homo_sapiens	M03884_2.00	PAX4	Homo_sapiens	T237342_2.00	F230_2.00	TS12_2.00	MS45_2.00	ENSG00000106331	D	Homeodomain,Paired box	Homeobox,PAX	2	0.7	PAX4_2	SELEX	Nitta2015	SELEX	25779349	SequenceIdentity	1	Ensembl	http://www.ensembl.org/	None	None
M05430_2.00_PAX4_Homo_sapiens	M05430_2.00	PAX4	Homo_sapiens	T237342_2.00	F230_2.00	TS12_2.00	MS62_2.00	ENSG00000106331	D	Homeodomain,Paired box	Homeobox,PAX	2	0.7	PAX4_eDBD_HT-SELEX_1	SELEX	Yin2017	SELEX	28473536	SequenceIdentity	1	Ensembl	http://www.ensembl.org/	None	None
M05431_2.00_PAX4_Homo_sapiens	M05431_2.00	PAX4	Homo_sapiens	T237342_2.00	F230_2.00	TS12_2.00	MS62_2.00	ENSG00000106331	D	Homeodomain,Paired box	Homeobox,PAX	2	0.7	PAX4_eDBD_HT-SELEX_2	SELEX	Yin2017	SELEX	28473536	SequenceIdentity	1	Ensembl	http://www.ensembl.org/	None	None
M05432_2.00_PAX4_Homo_sapiens	M05432_2.00	PAX4	Homo_sapiens	T237342_2.00	F230_2.00	TS12_2.00	MS62_2.00	ENSG00000106331	D	Homeodomain,Paired box	Homeobox,PAX	2	0.7	PAX4_eDBD_HT-SELEX_3	SELEX	Yin2017	SELEX	28473536	SequenceIdentity	1	Ensembl	http://www.ensembl.org/	None	None
M05433_2.00_PAX4_Homo_sapiens	M05433_2.00	PAX4	Homo_sapiens	T237342_2.00	F230_2.00	TS12_2.00	MS62_2.00	ENSG00000106331	D	Homeodomain,Paired box	Homeobox,PAX	2	0.7	PAX4_eDBD_HT-SELEX_4	SELEX	Yin2017	SELEX	28473536	SequenceIdentity	1	Ensembl	http://www.ensembl.org/	None	None
M05434_2.00_PAX4_Homo_sapiens	M05434_2.00	PAX4	Homo_sapiens	T237342_2.00	F230_2.00	TS12_2.00	MS62_2.00	ENSG00000106331	D	Homeodomain,Paired box	Homeobox,PAX	2	0.7	PAX4_eDBD_Methyl-HT-SELEX_1	SELEX	Yin2017	SELEX	28473536	SequenceIdentity	1	Ensembl	http://www.ensembl.org/	None	None
M05435_2.00_PAX4_Homo_sapiens	M05435_2.00	PAX4	Homo_sapiens	T237342_2.00	F230_2.00	TS12_2.00	MS62_2.00	ENSG00000106331	D	Homeodomain,Paired box	Homeobox,PAX	2	0.7	PAX4_eDBD_Methyl-HT-SELEX_2	SELEX	Yin2017	SELEX	28473536	SequenceIdentity	1	Ensembl	http://www.ensembl.org/	None	None
M05436_2.00_PAX4_Homo_sapiens	M05436_2.00	PAX4	Homo_sapiens	T237342_2.00	F230_2.00	TS12_2.00	MS62_2.00	ENSG00000106331	D	Homeodomain,Paired box	Homeobox,PAX	2	0.7	PAX4_eDBD_Methyl-HT-SELEX_3	SELEX	Yin2017	SELEX	28473536	SequenceIdentity	1	Ensembl	http://www.ensembl.org/	None	None
M05437_2.00_PAX4_Homo_sapiens	M05437_2.00	PAX4	Homo_sapiens	T237342_2.00	F230_2.00	TS12_2.00	MS62_2.00	ENSG00000106331	D	Homeodomain,Paired box	Homeobox,PAX	2	0.7	PAX4_eDBD_Methyl-HT-SELEX_4	SELEX	Yin2017	SELEX	28473536	SequenceIdentity	1	Ensembl	http://www.ensembl.org/	None	None
M00352_2.00_PAX3_Homo_sapiens	M00352_2.00	PAX3	Homo_sapiens	T237343_2.00	F230_2.00	TS12_2.00	MS04_2.00	ENSG00000135903	D	Homeodomain,Paired box	Homeobox,PAX	2	0.7	PAX3_G48R	PBM	Barrera2016	PBM	27013732	SequenceIdentity	1	Ensembl	http://www.ensembl.org/	P23760	A0A024R470
M00353_2.00_PAX3_Homo_sapiens	M00353_2.00	PAX3	Homo_sapiens	T237343_2.00	F230_2.00	TS12_2.00	MS04_2.00	ENSG00000135903	D	Homeodomain,Paired box	Homeobox,PAX	2	0.7	PAX3_N47H	PBM	Barrera2016	PBM	27013732	SequenceIdentity	1	Ensembl	http://www.ensembl.org/	P23760	A0A024R470
M00354_2.00_PAX3_Homo_sapiens	M00354_2.00	PAX3	Homo_sapiens	T237343_2.00	F230_2.00	TS12_2.00	MS04_2.00	ENSG00000135903	D	Homeodomain,Paired box	Homeobox,PAX	2	0.7	PAX3_N47K	PBM	Barrera2016	PBM	27013732	SequenceIdentity	1	Ensembl	http://www.ensembl.org/	P23760	A0A024R470
M00355_2.00_PAX3_Homo_sapiens	M00355_2.00	PAX3	Homo_sapiens	T237343_2.00	F230_2.00	TS12_2.00	MS04_2.00	ENSG00000135903	D	Homeodomain,Paired box	Homeobox,PAX	2	0.7	PAX3_P50L	PBM	Barrera2016	PBM	27013732	SequenceIdentity	1	Ensembl	http://www.ensembl.org/	P23760	A0A024R470
M00356_2.00_PAX3_Homo_sapiens	M00356_2.00	PAX3	Homo_sapiens	T237343_2.00	F230_2.00	TS12_2.00	MS04_2.00	ENSG00000135903	D	Homeodomain,Paired box	Homeobox,PAX	2	0.7	PAX3_R270C	PBM	Barrera2016	PBM	27013732	SequenceIdentity	1	Ensembl	http://www.ensembl.org/	P23760	A0A024R470
M00357_2.00_PAX3_Homo_sapiens	M00357_2.00	PAX3	Homo_sapiens	T237343_2.00	F230_2.00	TS12_2.00	MS04_2.00	ENSG00000135903	D	Homeodomain,Paired box	Homeobox,PAX	2	0.7	PAX3_R56L	PBM	Barrera2016	PBM	27013732	SequenceIdentity	1	Ensembl	http://www.ensembl.org/	P23760	A0A024R470
M00358_2.00_PAX3_Homo_sapiens	M00358_2.00	PAX3	Homo_sapiens	T237343_2.00	F230_2.00	TS12_2.00	MS04_2.00	ENSG00000135903	D	Homeodomain,Paired box	Homeobox,PAX	2	0.7	PAX3_REF	PBM	Barrera2016	PBM	27013732	SequenceIdentity	1	Ensembl	http://www.ensembl.org/	P23760	A0A024R470
M00359_2.00_PAX3_Homo_sapiens	M00359_2.00	PAX3	Homo_sapiens	T237343_2.00	F230_2.00	TS12_2.00	MS04_2.00	ENSG00000135903	D	Homeodomain,Paired box	Homeobox,PAX	2	0.7	PAX3_Y90H	PBM	Barrera2016	PBM	27013732	SequenceIdentity	1	Ensembl	http://www.ensembl.org/	P23760	A0A024R470
M03297_2.00_PAX3_Homo_sapiens	M03297_2.00	PAX3	Homo_sapiens	T237343_2.00	F230_2.00	TS12_2.00	MS33_2.00	ENSG00000135903	D	Homeodomain,Paired box	Homeobox,PAX	2	0.7	PAX3_1	SELEX	Jolma2013	SELEX	23332764	SequenceIdentity	1	Ensembl	http://www.ensembl.org/	P23760	A0A024R470
M03885_2.00_PAX3_Homo_sapiens	M03885_2.00	PAX3	Homo_sapiens	T237343_2.00	F230_2.00	TS12_2.00	MS45_2.00	ENSG00000135903	D	Homeodomain,Paired box	Homeobox,PAX	2	0.7	PAX3_1	SELEX	Nitta2015	SELEX	25779349	SequenceIdentity	1	Ensembl	http://www.ensembl.org/	P23760	A0A024R470
M03886_2.00_PAX3_Homo_sapiens	M03886_2.00	PAX3	Homo_sapiens	T237343_2.00	F230_2.00	TS12_2.00	MS45_2.00	ENSG00000135903	D	Homeodomain,Paired box	Homeobox,PAX	2	0.7	PAX3_2	SELEX	Nitta2015	SELEX	25779349	SequenceIdentity	1	Ensembl	http://www.ensembl.org/	P23760	A0A024R470
M05438_2.00_PAX3_Homo_sapiens	M05438_2.00	PAX3	Homo_sapiens	T237343_2.00	F230_2.00	TS12_2.00	MS62_2.00	ENSG00000135903	D	Homeodomain,Paired box	Homeobox,PAX	2	0.7	PAX3_eDBD_HT-SELEX_1	SELEX	Yin2017	SELEX	28473536	SequenceIdentity	1	Ensembl	http://www.ensembl.org/	P23760	A0A024R470
M05439_2.00_PAX3_Homo_sapiens	M05439_2.00	PAX3	Homo_sapiens	T237343_2.00	F230_2.00	TS12_2.00	MS62_2.00	ENSG00000135903	D	Homeodomain,Paired box	Homeobox,PAX	2	0.7	PAX3_eDBD_HT-SELEX_2	SELEX	Yin2017	SELEX	28473536	SequenceIdentity	1	Ensembl	http://www.ensembl.org/	P23760	A0A024R470
M05440_2.00_PAX3_Homo_sapiens	M05440_2.00	PAX3	Homo_sapiens	T237343_2.00	F230_2.00	TS12_2.00	MS62_2.00	ENSG00000135903	D	Homeodomain,Paired box	Homeobox,PAX	2	0.7	PAX3_eDBD_HT-SELEX_3	SELEX	Yin2017	SELEX	28473536	SequenceIdentity	1	Ensembl	http://www.ensembl.org/	P23760	A0A024R470
M05441_2.00_PAX3_Homo_sapiens	M05441_2.00	PAX3	Homo_sapiens	T237343_2.00	F230_2.00	TS12_2.00	MS62_2.00	ENSG00000135903	D	Homeodomain,Paired box	Homeobox,PAX	2	0.7	PAX3_eDBD_Methyl-HT-SELEX_1	SELEX	Yin2017	SELEX	28473536	SequenceIdentity	1	Ensembl	http://www.ensembl.org/	P23760	A0A024R470
M05442_2.00_PAX3_Homo_sapiens	M05442_2.00	PAX3	Homo_sapiens	T237343_2.00	F230_2.00	TS12_2.00	MS62_2.00	ENSG00000135903	D	Homeodomain,Paired box	Homeobox,PAX	2	0.7	PAX3_eDBD_Methyl-HT-SELEX_2	SELEX	Yin2017	SELEX	28473536	SequenceIdentity	1	Ensembl	http://www.ensembl.org/	P23760	A0A024R470
M05443_2.00_PAX3_Homo_sapiens	M05443_2.00	PAX3	Homo_sapiens	T237343_2.00	F230_2.00	TS12_2.00	MS62_2.00	ENSG00000135903	D	Homeodomain,Paired box	Homeobox,PAX	2	0.7	PAX3_eDBD_Methyl-HT-SELEX_3	SELEX	Yin2017	SELEX	28473536	SequenceIdentity	1	Ensembl	http://www.ensembl.org/	P23760	A0A024R470
M09585_2.00_PAX3_Homo_sapiens	M09585_2.00	PAX3	Homo_sapiens	T237343_2.00	F230_2.00	TS12_2.00	MS28_2.00	ENSG00000135903	D	Homeodomain,Paired box	Homeobox,PAX	2	0.7	Rh4-PAX3_FKHR_GSE19063	Misc	HOMER	Misc	20513432	SequenceIdentity	1	Ensembl	http://www.ensembl.org/	P23760	A0A024R470
M00360_2.00_POU4F3_Homo_sapiens	M00360_2.00	POU4F3	Homo_sapiens	T238190_2.00	F231_2.00	TS12_2.00	MS04_2.00	ENSG00000091010	D	Homeodomain,POU	Homeobox,Pou	2	0.993464052288	POU4F3_L289F	PBM	Barrera2016	PBM	27013732	SequenceIdentity	0	Ensembl	http://www.ensembl.org/	Q15319	None
M00361_2.00_POU4F3_Homo_sapiens	M00361_2.00	POU4F3	Homo_sapiens	T238190_2.00	F231_2.00	TS12_2.00	MS04_2.00	ENSG00000091010	D	Homeodomain,POU	Homeobox,Pou	2	0.993464052288	POU4F3_REF	PBM	Barrera2016	PBM	27013732	SequenceIdentity	0	Ensembl	http://www.ensembl.org/	Q15319	None
M03302_2.00_POU4F3_Homo_sapiens	M03302_2.00	POU4F3	Homo_sapiens	T238190_2.00	F231_2.00	TS12_2.00	MS33_2.00	ENSG00000091010	D	Homeodomain,POU	Homeobox,Pou	2	0.993464052288	POU4F3_1	SELEX	Jolma2013	SELEX	23332764	SequenceIdentity	0	Ensembl	http://www.ensembl.org/	Q15319	None
M05459_2.00_POU4F3_Homo_sapiens	M05459_2.00	POU4F3	Homo_sapiens	T238190_2.00	F231_2.00	TS12_2.00	MS62_2.00	ENSG00000091010	D	Homeodomain,POU	Homeobox,Pou	2	0.993464052288	POU4F3_eDBD_HT-SELEX_1	SELEX	Yin2017	SELEX	28473536	SequenceIdentity	0	Ensembl	http://www.ensembl.org/	Q15319	None
M05460_2.00_POU4F3_Homo_sapiens	M05460_2.00	POU4F3	Homo_sapiens	T238190_2.00	F231_2.00	TS12_2.00	MS62_2.00	ENSG00000091010	D	Homeodomain,POU	Homeobox,Pou	2	0.993464052288	POU4F3_eDBD_HT-SELEX_2	SELEX	Yin2017	SELEX	28473536	SequenceIdentity	0	Ensembl	http://www.ensembl.org/	Q15319	None
M05461_2.00_POU4F3_Homo_sapiens	M05461_2.00	POU4F3	Homo_sapiens	T238190_2.00	F231_2.00	TS12_2.00	MS62_2.00	ENSG00000091010	D	Homeodomain,POU	Homeobox,Pou	2	0.993464052288	POU4F3_eDBD_Methyl-HT-SELEX_1	SELEX	Yin2017	SELEX	28473536	SequenceIdentity	0	Ensembl	http://www.ensembl.org/	Q15319	None
M05462_2.00_POU4F3_Homo_sapiens	M05462_2.00	POU4F3	Homo_sapiens	T238190_2.00	F231_2.00	TS12_2.00	MS62_2.00	ENSG00000091010	D	Homeodomain,POU	Homeobox,Pou	2	0.993464052288	POU4F3_eDBD_Methyl-HT-SELEX_2	SELEX	Yin2017	SELEX	28473536	SequenceIdentity	0	Ensembl	http://www.ensembl.org/	Q15319	None
M05463_2.00_POU4F3_Homo_sapiens	M05463_2.00	POU4F3	Homo_sapiens	T238190_2.00	F231_2.00	TS12_2.00	MS62_2.00	ENSG00000091010	D	Homeodomain,POU	Homeobox,Pou	2	0.993464052288	POU4F3_FL_HT-SELEX_1	SELEX	Yin2017	SELEX	28473536	SequenceIdentity	0	Ensembl	http://www.ensembl.org/	Q15319	None
M05464_2.00_POU4F3_Homo_sapiens	M05464_2.00	POU4F3	Homo_sapiens	T238190_2.00	F231_2.00	TS12_2.00	MS62_2.00	ENSG00000091010	D	Homeodomain,POU	Homeobox,Pou	2	0.993464052288	POU4F3_FL_HT-SELEX_2	SELEX	Yin2017	SELEX	28473536	SequenceIdentity	0	Ensembl	http://www.ensembl.org/	Q15319	None
M05465_2.00_POU4F3_Homo_sapiens	M05465_2.00	POU4F3	Homo_sapiens	T238190_2.00	F231_2.00	TS12_2.00	MS62_2.00	ENSG00000091010	D	Homeodomain,POU	Homeobox,Pou	2	0.993464052288	POU4F3_FL_Methyl-HT-SELEX_1	SELEX	Yin2017	SELEX	28473536	SequenceIdentity	0	Ensembl	http://www.ensembl.org/	Q15319	None
