Motif_name	Motif_ID	TF_Species	TF_ID	Family_ID	TSource_ID	MSource_ID	DBID	TF_Name	TF_Status	Family_Name	DBDs	DBD_Count	Cutoff	DBID.1	Motif_Type	MSource_Identifier	MSource_Type	PMID	MSource_Version	SR_Model	SR_NoThreshold	TfSource_Name	TfSource_URL	uniprot.Swiss-Prot	uniprot.TrEMBL
M00056_2.00_PHO2_Saccharomyces_cerevisiae	M00056_2.00	Homo_sapiens	T209902_2.00	F223_2.00	TS12_2.00	MS01_2.00	ENSG00000171540	OTP	I	Homeodomain	Homeobox	1	0.598692764790911	PHO2_2074	PBM	Badis08	PBM	19111667	None	SimilarityRegression	0	Ensembl	http://www.ensembl.org/	Q5XKR4	None
M00172_2.00_Hoxa3_Mus_musculus	M00172_2.00	Homo_sapiens	T209902_2.00	F223_2.00	TS12_2.00	MS02_2.00	ENSG00000171540	OTP	I	Homeodomain	Homeobox	1	0.598692764790911	Hoxa3_2783	PBM	Badis09	PBM	19443739	None	SimilarityRegression	0	Ensembl	http://www.ensembl.org/	Q5XKR4	None
M00380_2.00_Lhx2_Mus_musculus	M00380_2.00	Homo_sapiens	T209902_2.00	F223_2.00	TS12_2.00	MS06_2.00	ENSG00000171540	OTP	I	Homeodomain	Homeobox	1	0.598692764790911	Lhx2_0953	PBM	Berger08	PBM	18585359	None	SimilarityRegression	0	Ensembl	http://www.ensembl.org/	Q5XKR4	None
M00383_2.00_Hoxa4_Mus_musculus	M00383_2.00	Homo_sapiens	T209902_2.00	F223_2.00	TS12_2.00	MS06_2.00	ENSG00000171540	OTP	I	Homeodomain	Homeobox	1	0.598692764790911	Hoxa4_3426	PBM	Berger08	PBM	18585359	None	SimilarityRegression	0	Ensembl	http://www.ensembl.org/	Q5XKR4	None
M00384_2.00_Meox1_Mus_musculus	M00384_2.00	Homo_sapiens	T209902_2.00	F223_2.00	TS12_2.00	MS06_2.00	ENSG00000171540	OTP	I	Homeodomain	Homeobox	1	0.598692764790911	Meox1_2310	PBM	Berger08	PBM	18585359	None	SimilarityRegression	0	Ensembl	http://www.ensembl.org/	Q5XKR4	None
M00388_2.00_Mnx1_Mus_musculus	M00388_2.00	Homo_sapiens	T209902_2.00	F223_2.00	TS12_2.00	MS06_2.00	ENSG00000171540	OTP	I	Homeodomain	Homeobox	1	0.598692764790911	Hlxb9_3422	PBM	Berger08	PBM	18585359	None	SimilarityRegression	0	Ensembl	http://www.ensembl.org/	Q5XKR4	None
M00398_2.00_Vax1_Mus_musculus	M00398_2.00	Homo_sapiens	T209902_2.00	F223_2.00	TS12_2.00	MS06_2.00	ENSG00000171540	OTP	I	Homeodomain	Homeobox	1	0.598692764790911	Vax1_3499	PBM	Berger08	PBM	18585359	None	SimilarityRegression	0	Ensembl	http://www.ensembl.org/	Q5XKR4	None
M00400_2.00_Phox2a_Mus_musculus	M00400_2.00	Homo_sapiens	T209902_2.00	F223_2.00	TS12_2.00	MS06_2.00	ENSG00000171540	OTP	I	Homeodomain	Homeobox	1	0.598692764790911	Phox2a_3947	PBM	Berger08	PBM	18585359	None	SimilarityRegression	0	Ensembl	http://www.ensembl.org/	Q5XKR4	None
M00401_2.00_Phox2b_Mus_musculus	M00401_2.00	Homo_sapiens	T209902_2.00	F223_2.00	TS12_2.00	MS06_2.00	ENSG00000171540	OTP	I	Homeodomain	Homeobox	1	0.598692764790911	Phox2b_3948	PBM	Berger08	PBM	18585359	None	SimilarityRegression	0	Ensembl	http://www.ensembl.org/	Q5XKR4	None
M00402_2.00_Alx3_Mus_musculus	M00402_2.00	Homo_sapiens	T209902_2.00	F223_2.00	TS12_2.00	MS06_2.00	ENSG00000171540	OTP	I	Homeodomain	Homeobox	1	0.598692764790911	Alx3_3418	PBM	Berger08	PBM	18585359	None	SimilarityRegression	0	Ensembl	http://www.ensembl.org/	Q5XKR4	None
M00403_2.00_Hoxa2_Mus_musculus	M00403_2.00	Homo_sapiens	T209902_2.00	F223_2.00	TS12_2.00	MS06_2.00	ENSG00000171540	OTP	I	Homeodomain	Homeobox	1	0.598692764790911	Hoxa2_3079	PBM	Berger08	PBM	18585359	None	SimilarityRegression	0	Ensembl	http://www.ensembl.org/	Q5XKR4	None
M00406_2.00_Lhx9_Mus_musculus	M00406_2.00	Homo_sapiens	T209902_2.00	F223_2.00	TS12_2.00	MS06_2.00	ENSG00000171540	OTP	I	Homeodomain	Homeobox	1	0.598692764790911	Lhx9_3492	PBM	Berger08	PBM	18585359	None	SimilarityRegression	0	Ensembl	http://www.ensembl.org/	Q5XKR4	None
M00413_2.00_Barx1_Mus_musculus	M00413_2.00	Homo_sapiens	T209902_2.00	F223_2.00	TS12_2.00	MS06_2.00	ENSG00000171540	OTP	I	Homeodomain	Homeobox	1	0.598692764790911	Barx1_2877	PBM	Berger08	PBM	18585359	None	SimilarityRegression	0	Ensembl	http://www.ensembl.org/	Q5XKR4	None
M00414_2.00_Msx2_Mus_musculus	M00414_2.00	Homo_sapiens	T209902_2.00	F223_2.00	TS12_2.00	MS06_2.00	ENSG00000171540	OTP	I	Homeodomain	Homeobox	1	0.598692764790911	Msx2_3449	PBM	Berger08	PBM	18585359	None	SimilarityRegression	0	Ensembl	http://www.ensembl.org/	Q5XKR4	None
M00417_2.00_Otp_Mus_musculus	M00417_2.00	Homo_sapiens	T209902_2.00	F223_2.00	TS12_2.00	MS06_2.00	ENSG00000171540	OTP	I	Homeodomain	Homeobox	1	0.598692764790911	Otp_3496	PBM	Berger08	PBM	18585359	None	SimilarityRegression	0	Ensembl	http://www.ensembl.org/	Q5XKR4	None
M00422_2.00_Hoxc5_Mus_musculus	M00422_2.00	Homo_sapiens	T209902_2.00	F223_2.00	TS12_2.00	MS06_2.00	ENSG00000171540	OTP	I	Homeodomain	Homeobox	1	0.598692764790911	Hoxc5_2630	PBM	Berger08	PBM	18585359	None	SimilarityRegression	0	Ensembl	http://www.ensembl.org/	Q5XKR4	None
M00424_2.00_Esx1_Mus_musculus	M00424_2.00	Homo_sapiens	T209902_2.00	F223_2.00	TS12_2.00	MS06_2.00	ENSG00000171540	OTP	I	Homeodomain	Homeobox	1	0.598692764790911	Esx1_3124	PBM	Berger08	PBM	18585359	None	SimilarityRegression	0	Ensembl	http://www.ensembl.org/	Q5XKR4	None
M00426_2.00_Rax_Mus_musculus	M00426_2.00	Homo_sapiens	T209902_2.00	F223_2.00	TS12_2.00	MS06_2.00	ENSG00000171540	OTP	I	Homeodomain	Homeobox	1	0.598692764790911	Rax_3443	PBM	Berger08	PBM	18585359	None	SimilarityRegression	0	Ensembl	http://www.ensembl.org/	Q5XKR4	None
M00429_2.00_Msx3_Mus_musculus	M00429_2.00	Homo_sapiens	T209902_2.00	F223_2.00	TS12_2.00	MS06_2.00	ENSG00000171540	OTP	I	Homeodomain	Homeobox	1	0.598692764790911	Msx3_3206	PBM	Berger08	PBM	18585359	None	SimilarityRegression	0	Ensembl	http://www.ensembl.org/	Q5XKR4	None
M00430_2.00_Lhx4_Mus_musculus	M00430_2.00	Homo_sapiens	T209902_2.00	F223_2.00	TS12_2.00	MS06_2.00	ENSG00000171540	OTP	I	Homeodomain	Homeobox	1	0.598692764790911	Lhx4_1719	PBM	Berger08	PBM	18585359	None	SimilarityRegression	0	Ensembl	http://www.ensembl.org/	Q5XKR4	None
M00431_2.00_Prrx1_Mus_musculus	M00431_2.00	Homo_sapiens	T209902_2.00	F223_2.00	TS12_2.00	MS06_2.00	ENSG00000171540	OTP	I	Homeodomain	Homeobox	1	0.598692764790911	Prrx1_3442	PBM	Berger08	PBM	18585359	None	SimilarityRegression	0	Ensembl	http://www.ensembl.org/	Q5XKR4	None
M00432_2.00_Lmx1a_Mus_musculus	M00432_2.00	Homo_sapiens	T209902_2.00	F223_2.00	TS12_2.00	MS06_2.00	ENSG00000171540	OTP	I	Homeodomain	Homeobox	1	0.598692764790911	Lmx1a_2238	PBM	Berger08	PBM	18585359	None	SimilarityRegression	0	Ensembl	http://www.ensembl.org/	Q5XKR4	None
M00434_2.00_Lhx6_Mus_musculus	M00434_2.00	Homo_sapiens	T209902_2.00	F223_2.00	TS12_2.00	MS06_2.00	ENSG00000171540	OTP	I	Homeodomain	Homeobox	1	0.598692764790911	Lhx6_2272	PBM	Berger08	PBM	18585359	None	SimilarityRegression	0	Ensembl	http://www.ensembl.org/	Q5XKR4	None
M00435_2.00_Lhx3_Mus_musculus	M00435_2.00	Homo_sapiens	T209902_2.00	F223_2.00	TS12_2.00	MS06_2.00	ENSG00000171540	OTP	I	Homeodomain	Homeobox	1	0.598692764790911	Lhx3_3431	PBM	Berger08	PBM	18585359	None	SimilarityRegression	0	Ensembl	http://www.ensembl.org/	Q5XKR4	None
M00439_2.00_Shox2_Mus_musculus	M00439_2.00	Homo_sapiens	T209902_2.00	F223_2.00	TS12_2.00	MS06_2.00	ENSG00000171540	OTP	I	Homeodomain	Homeobox	1	0.598692764790911	Shox2_2641	PBM	Berger08	PBM	18585359	None	SimilarityRegression	0	Ensembl	http://www.ensembl.org/	Q5XKR4	None
M00442_2.00_Nkx1.1_Mus_musculus	M00442_2.00	Homo_sapiens	T209902_2.00	F223_2.00	TS12_2.00	MS06_2.00	ENSG00000171540	OTP	I	Homeodomain	Homeobox	1	0.598692764790911	Nkx1-1_3856	PBM	Berger08	PBM	18585359	None	SimilarityRegression	0	Ensembl	http://www.ensembl.org/	Q5XKR4	None
M00443_2.00_Uncx_Mus_musculus	M00443_2.00	Homo_sapiens	T209902_2.00	F223_2.00	TS12_2.00	MS06_2.00	ENSG00000171540	OTP	I	Homeodomain	Homeobox	1	0.598692764790911	Uncx4	PBM	Berger08	PBM	18585359	None	SimilarityRegression	0	Ensembl	http://www.ensembl.org/	Q5XKR4	None
M00446_2.00_Pdx1_Mus_musculus	M00446_2.00	Homo_sapiens	T209902_2.00	F223_2.00	TS12_2.00	MS06_2.00	ENSG00000171540	OTP	I	Homeodomain	Homeobox	1	0.598692764790911	Ipf1_3815	PBM	Berger08	PBM	18585359	None	SimilarityRegression	0	Ensembl	http://www.ensembl.org/	Q5XKR4	None
M00448_2.00_Nobox_Mus_musculus	M00448_2.00	Homo_sapiens	T209902_2.00	F223_2.00	TS12_2.00	MS06_2.00	ENSG00000171540	OTP	I	Homeodomain	Homeobox	1	0.598692764790911	Og2x_3719	PBM	Berger08	PBM	18585359	None	SimilarityRegression	0	Ensembl	http://www.ensembl.org/	Q5XKR4	None
M00452_2.00_Isx_Mus_musculus	M00452_2.00	Homo_sapiens	T209902_2.00	F223_2.00	TS12_2.00	MS06_2.00	ENSG00000171540	OTP	I	Homeodomain	Homeobox	1	0.598692764790911	Isx_3445	PBM	Berger08	PBM	18585359	None	SimilarityRegression	0	Ensembl	http://www.ensembl.org/	Q5XKR4	None
M00457_2.00_Barx2_Mus_musculus	M00457_2.00	Homo_sapiens	T209902_2.00	F223_2.00	TS12_2.00	MS06_2.00	ENSG00000171540	OTP	I	Homeodomain	Homeobox	1	0.598692764790911	Barx2_3447	PBM	Berger08	PBM	18585359	None	SimilarityRegression	0	Ensembl	http://www.ensembl.org/	Q5XKR4	None
M00459_2.00_Vsx1_Mus_musculus	M00459_2.00	Homo_sapiens	T209902_2.00	F223_2.00	TS12_2.00	MS06_2.00	ENSG00000171540	OTP	I	Homeodomain	Homeobox	1	0.598692764790911	Vsx1_1728	PBM	Berger08	PBM	18585359	None	SimilarityRegression	0	Ensembl	http://www.ensembl.org/	Q5XKR4	None
M00462_2.00_Gbx2_Mus_musculus	M00462_2.00	Homo_sapiens	T209902_2.00	F223_2.00	TS12_2.00	MS06_2.00	ENSG00000171540	OTP	I	Homeodomain	Homeobox	1	0.598692764790911	Gbx2_3110	PBM	Berger08	PBM	18585359	None	SimilarityRegression	0	Ensembl	http://www.ensembl.org/	Q5XKR4	None
M00464_2.00_Vax2_Mus_musculus	M00464_2.00	Homo_sapiens	T209902_2.00	F223_2.00	TS12_2.00	MS06_2.00	ENSG00000171540	OTP	I	Homeodomain	Homeobox	1	0.598692764790911	Vax2_3500	PBM	Berger08	PBM	18585359	None	SimilarityRegression	0	Ensembl	http://www.ensembl.org/	Q5XKR4	None
M00467_2.00_Arx_Mus_musculus	M00467_2.00	Homo_sapiens	T209902_2.00	F223_2.00	TS12_2.00	MS06_2.00	ENSG00000171540	OTP	I	Homeodomain	Homeobox	1	0.598692764790911	Arx_1738	PBM	Berger08	PBM	18585359	None	SimilarityRegression	0	Ensembl	http://www.ensembl.org/	Q5XKR4	None
M00469_2.00_Gsx2_Mus_musculus	M00469_2.00	Homo_sapiens	T209902_2.00	F223_2.00	TS12_2.00	MS06_2.00	ENSG00000171540	OTP	I	Homeodomain	Homeobox	1	0.598692764790911	Gsh2_3990	PBM	Berger08	PBM	18585359	None	SimilarityRegression	0	Ensembl	http://www.ensembl.org/	Q5XKR4	None
M00471_2.00_Alx1_Mus_musculus	M00471_2.00	Homo_sapiens	T209902_2.00	F223_2.00	TS12_2.00	MS06_2.00	ENSG00000171540	OTP	I	Homeodomain	Homeobox	1	0.598692764790911	Cart1_0997	PBM	Berger08	PBM	18585359	None	SimilarityRegression	0	Ensembl	http://www.ensembl.org/	Q5XKR4	None
M00472_2.00_Alx1_Mus_musculus	M00472_2.00	Homo_sapiens	T209902_2.00	F223_2.00	TS12_2.00	MS06_2.00	ENSG00000171540	OTP	I	Homeodomain	Homeobox	1	0.598692764790911	Cart1_1275	PBM	Berger08	PBM	18585359	None	SimilarityRegression	0	Ensembl	http://www.ensembl.org/	Q5XKR4	None
M00478_2.00_Hoxa5_Mus_musculus	M00478_2.00	Homo_sapiens	T209902_2.00	F223_2.00	TS12_2.00	MS06_2.00	ENSG00000171540	OTP	I	Homeodomain	Homeobox	1	0.598692764790911	Hoxa5_3415	PBM	Berger08	PBM	18585359	None	SimilarityRegression	0	Ensembl	http://www.ensembl.org/	Q5XKR4	None
M00479_2.00_Hoxb4_Mus_musculus	M00479_2.00	Homo_sapiens	T209902_2.00	F223_2.00	TS12_2.00	MS06_2.00	ENSG00000171540	OTP	I	Homeodomain	Homeobox	1	0.598692764790911	Hoxb4_2627	PBM	Berger08	PBM	18585359	None	SimilarityRegression	0	Ensembl	http://www.ensembl.org/	Q5XKR4	None
M00480_2.00_Hoxb5_Mus_musculus	M00480_2.00	Homo_sapiens	T209902_2.00	F223_2.00	TS12_2.00	MS06_2.00	ENSG00000171540	OTP	I	Homeodomain	Homeobox	1	0.598692764790911	Hoxb5_3122	PBM	Berger08	PBM	18585359	None	SimilarityRegression	0	Ensembl	http://www.ensembl.org/	Q5XKR4	None
M00482_2.00_Lmx1b_Mus_musculus	M00482_2.00	Homo_sapiens	T209902_2.00	F223_2.00	TS12_2.00	MS06_2.00	ENSG00000171540	OTP	I	Homeodomain	Homeobox	1	0.598692764790911	Lmx1b_3433	PBM	Berger08	PBM	18585359	None	SimilarityRegression	0	Ensembl	http://www.ensembl.org/	Q5XKR4	None
M00484_2.00_En2_Mus_musculus	M00484_2.00	Homo_sapiens	T209902_2.00	F223_2.00	TS12_2.00	MS06_2.00	ENSG00000171540	OTP	I	Homeodomain	Homeobox	1	0.598692764790911	En2_0952	PBM	Berger08	PBM	18585359	None	SimilarityRegression	0	Ensembl	http://www.ensembl.org/	Q5XKR4	None
M00486_2.00_Prrx2_Mus_musculus	M00486_2.00	Homo_sapiens	T209902_2.00	F223_2.00	TS12_2.00	MS06_2.00	ENSG00000171540	OTP	I	Homeodomain	Homeobox	1	0.598692764790911	Prrx2_3072	PBM	Berger08	PBM	18585359	None	SimilarityRegression	0	Ensembl	http://www.ensembl.org/	Q5XKR4	None
M00487_2.00_Alx4_Mus_musculus	M00487_2.00	Homo_sapiens	T209902_2.00	F223_2.00	TS12_2.00	MS06_2.00	ENSG00000171540	OTP	I	Homeodomain	Homeobox	1	0.598692764790911	Alx4_1744	PBM	Berger08	PBM	18585359	None	SimilarityRegression	0	Ensembl	http://www.ensembl.org/	Q5XKR4	None
M00495_2.00_Emx2_Mus_musculus	M00495_2.00	Homo_sapiens	T209902_2.00	F223_2.00	TS12_2.00	MS06_2.00	ENSG00000171540	OTP	I	Homeodomain	Homeobox	1	0.598692764790911	Emx2_3420	PBM	Berger08	PBM	18585359	None	SimilarityRegression	0	Ensembl	http://www.ensembl.org/	Q5XKR4	None
M00498_2.00_Prop1_Mus_musculus	M00498_2.00	Homo_sapiens	T209902_2.00	F223_2.00	TS12_2.00	MS06_2.00	ENSG00000171540	OTP	I	Homeodomain	Homeobox	1	0.598692764790911	Prop1_3949	PBM	Berger08	PBM	18585359	None	SimilarityRegression	0	Ensembl	http://www.ensembl.org/	Q5XKR4	None
M00501_2.00_Msx1_Mus_musculus	M00501_2.00	Homo_sapiens	T209902_2.00	F223_2.00	TS12_2.00	MS06_2.00	ENSG00000171540	OTP	I	Homeodomain	Homeobox	1	0.598692764790911	Msx1_3031	PBM	Berger08	PBM	18585359	None	SimilarityRegression	0	Ensembl	http://www.ensembl.org/	Q5XKR4	None
M00503_2.00_Nkx1.2_Mus_musculus	M00503_2.00	Homo_sapiens	T209902_2.00	F223_2.00	TS12_2.00	MS06_2.00	ENSG00000171540	OTP	I	Homeodomain	Homeobox	1	0.598692764790911	Nkx1-2_3214	PBM	Berger08	PBM	18585359	None	SimilarityRegression	0	Ensembl	http://www.ensembl.org/	Q5XKR4	None
M00504_2.00_Hoxb3_Mus_musculus	M00504_2.00	Homo_sapiens	T209902_2.00	F223_2.00	TS12_2.00	MS06_2.00	ENSG00000171540	OTP	I	Homeodomain	Homeobox	1	0.598692764790911	Hoxb3_1720	PBM	Berger08	PBM	18585359	None	SimilarityRegression	0	Ensembl	http://www.ensembl.org/	Q5XKR4	None
M00519_2.00_En1_Mus_musculus	M00519_2.00	Homo_sapiens	T209902_2.00	F223_2.00	TS12_2.00	MS06_2.00	ENSG00000171540	OTP	I	Homeodomain	Homeobox	1	0.598692764790911	En1_3123	PBM	Berger08	PBM	18585359	None	SimilarityRegression	0	Ensembl	http://www.ensembl.org/	Q5XKR4	None
M00525_2.00_Gbx1_Mus_musculus	M00525_2.00	Homo_sapiens	T209902_2.00	F223_2.00	TS12_2.00	MS06_2.00	ENSG00000171540	OTP	I	Homeodomain	Homeobox	1	0.598692764790911	Gbx1_2883	PBM	Berger08	PBM	18585359	None	SimilarityRegression	0	Ensembl	http://www.ensembl.org/	Q5XKR4	None
M00530_2.00_Hoxc4_Mus_musculus	M00530_2.00	Homo_sapiens	T209902_2.00	F223_2.00	TS12_2.00	MS06_2.00	ENSG00000171540	OTP	I	Homeodomain	Homeobox	1	0.598692764790911	Hoxc4_3491	PBM	Berger08	PBM	18585359	None	SimilarityRegression	0	Ensembl	http://www.ensembl.org/	Q5XKR4	None
M00531_2.00_Hoxd3_Mus_musculus	M00531_2.00	Homo_sapiens	T209902_2.00	F223_2.00	TS12_2.00	MS06_2.00	ENSG00000171540	OTP	I	Homeodomain	Homeobox	1	0.598692764790911	Hoxd3_1742	PBM	Berger08	PBM	18585359	None	SimilarityRegression	0	Ensembl	http://www.ensembl.org/	Q5XKR4	None
M00532_2.00_Hoxa3_Mus_musculus	M00532_2.00	Homo_sapiens	T209902_2.00	F223_2.00	TS12_2.00	MS06_2.00	ENSG00000171540	OTP	I	Homeodomain	Homeobox	1	0.598692764790911	Hoxa3_2783	PBM	Berger08	PBM	18585359	None	SimilarityRegression	0	Ensembl	http://www.ensembl.org/	Q5XKR4	None
M00534_2.00_Lhx8_Mus_musculus	M00534_2.00	Homo_sapiens	T209902_2.00	F223_2.00	TS12_2.00	MS06_2.00	ENSG00000171540	OTP	I	Homeodomain	Homeobox	1	0.598692764790911	Lhx8_2247	PBM	Berger08	PBM	18585359	None	SimilarityRegression	0	Ensembl	http://www.ensembl.org/	Q5XKR4	None
M00539_2.00_Lhx6_CONSTRUCT_PBM_CONSTRUCTS	M00539_2.00	Homo_sapiens	T209902_2.00	F223_2.00	TS12_2.00	MS06_2.00	ENSG00000171540	OTP	I	Homeodomain	Homeobox	1	0.598692764790911	Lhx6_3432	PBM	Berger08	PBM	18585359	None	SimilarityRegression	0	Ensembl	http://www.ensembl.org/	Q5XKR4	None
M00555_2.00_Dr_Drosophila_melanogaster	M00555_2.00	Homo_sapiens	T209902_2.00	F223_2.00	TS12_2.00	MS07_2.00	ENSG00000171540	OTP	I	Homeodomain	Homeobox	1	0.598692764790911	Msh	PBM	BusserDevelopment2012	PBM	22296846	None	SimilarityRegression	0	Ensembl	http://www.ensembl.org/	Q5XKR4	None
M00556_2.00_eve_Drosophila_melanogaster	M00556_2.00	Homo_sapiens	T209902_2.00	F223_2.00	TS12_2.00	MS07_2.00	ENSG00000171540	OTP	I	Homeodomain	Homeobox	1	0.598692764790911	Eve	PBM	BusserDevelopment2012	PBM	22296846	None	SimilarityRegression	0	Ensembl	http://www.ensembl.org/	Q5XKR4	None
M00557_2.00_slou_Drosophila_melanogaster	M00557_2.00	Homo_sapiens	T209902_2.00	F223_2.00	TS12_2.00	MS07_2.00	ENSG00000171540	OTP	I	Homeodomain	Homeobox	1	0.598692764790911	Slou	PBM	BusserDevelopment2012	PBM	22296846	None	SimilarityRegression	0	Ensembl	http://www.ensembl.org/	Q5XKR4	None
M01551_2.00_PHO2_Saccharomyces_cerevisiae	M01551_2.00	Homo_sapiens	T209902_2.00	F223_2.00	TS12_2.00	MS63_2.00	ENSG00000171540	OTP	I	Homeodomain	Homeobox	1	0.598692764790911	Pho2	PBM	Zhu09	PBM	19158363	None	SimilarityRegression	0	Ensembl	http://www.ensembl.org/	Q5XKR4	None
M01850_2.00_zfh.2_Caenorhabditis_elegans	M01850_2.00	Homo_sapiens	T209902_2.00	F223_2.00	TS12_2.00	MS64_2.00	ENSG00000171540	OTP	I	Homeodomain	Homeobox	1	0.598692764790911	pTH6132	PBM	Zoo_01	PBM	25215497	None	SimilarityRegression	0	Ensembl	http://www.ensembl.org/	Q5XKR4	None
M02033_2.00_A1JVI6_MOUSE_Mus_musculus	M02033_2.00	Homo_sapiens	T209902_2.00	F223_2.00	TS12_2.00	MS64_2.00	ENSG00000171540	OTP	I	Homeodomain	Homeobox	1	0.598692764790911	pTH5986	PBM	Zoo_01	PBM	25215497	None	SimilarityRegression	0	Ensembl	http://www.ensembl.org/	Q5XKR4	None
M02052_2.00_C4B866_NEMVE_Nematostella_vectensis	M02052_2.00	Homo_sapiens	T209902_2.00	F223_2.00	TS12_2.00	MS64_2.00	ENSG00000171540	OTP	I	Homeodomain	Homeobox	1	0.598692764790911	pTH6176	PBM	Zoo_01	PBM	25215497	None	SimilarityRegression	0	Ensembl	http://www.ensembl.org/	Q5XKR4	None
M02063_2.00_CBG07641_Caenorhabditis_briggsae	M02063_2.00	Homo_sapiens	T209902_2.00	F223_2.00	TS12_2.00	MS64_2.00	ENSG00000171540	OTP	I	Homeodomain	Homeobox	1	0.598692764790911	pTH6520	PBM	Zoo_01	PBM	25215497	None	SimilarityRegression	0	Ensembl	http://www.ensembl.org/	Q5XKR4	None
M02078_2.00_ENSCING00000016045_Ciona_intestinalis	M02078_2.00	Homo_sapiens	T209902_2.00	F223_2.00	TS12_2.00	MS64_2.00	ENSG00000171540	OTP	I	Homeodomain	Homeobox	1	0.598692764790911	pTH6551	PBM	Zoo_01	PBM	25215497	None	SimilarityRegression	0	Ensembl	http://www.ensembl.org/	Q5XKR4	None
M02079_2.00_vsx2_Danio_rerio	M02079_2.00	Homo_sapiens	T209902_2.00	F223_2.00	TS12_2.00	MS64_2.00	ENSG00000171540	OTP	I	Homeodomain	Homeobox	1	0.598692764790911	pTH6221	PBM	Zoo_01	PBM	25215497	None	SimilarityRegression	0	Ensembl	http://www.ensembl.org/	Q5XKR4	None
M02082_2.00_si.dkey.43p13.5_Danio_rerio	M02082_2.00	Homo_sapiens	T209902_2.00	F223_2.00	TS12_2.00	MS64_2.00	ENSG00000171540	OTP	I	Homeodomain	Homeobox	1	0.598692764790911	pTH6636	PBM	Zoo_01	PBM	25215497	None	SimilarityRegression	0	Ensembl	http://www.ensembl.org/	Q5XKR4	None
M02097_2.00_Sebox_Mus_musculus	M02097_2.00	Homo_sapiens	T209902_2.00	F223_2.00	TS12_2.00	MS64_2.00	ENSG00000171540	OTP	I	Homeodomain	Homeobox	1	0.598692764790911	pTH6379	PBM	Zoo_01	PBM	25215497	None	SimilarityRegression	0	Ensembl	http://www.ensembl.org/	Q5XKR4	None
M02101_2.00_Noto_Mus_musculus	M02101_2.00	Homo_sapiens	T209902_2.00	F223_2.00	TS12_2.00	MS64_2.00	ENSG00000171540	OTP	I	Homeodomain	Homeobox	1	0.598692764790911	pTH6268	PBM	Zoo_01	PBM	25215497	None	SimilarityRegression	0	Ensembl	http://www.ensembl.org/	Q5XKR4	None
M02107_2.00_barx1_Tetraodon_nigroviridis	M02107_2.00	Homo_sapiens	T209902_2.00	F223_2.00	TS12_2.00	MS64_2.00	ENSG00000171540	OTP	I	Homeodomain	Homeobox	1	0.598692764790911	pTH6449	PBM	Zoo_01	PBM	25215497	None	SimilarityRegression	0	Ensembl	http://www.ensembl.org/	Q5XKR4	None
M02108_2.00_zfhx4_Tetraodon_nigroviridis	M02108_2.00	Homo_sapiens	T209902_2.00	F223_2.00	TS12_2.00	MS64_2.00	ENSG00000171540	OTP	I	Homeodomain	Homeobox	1	0.598692764790911	pTH5654	PBM	Zoo_01	PBM	25215497	None	SimilarityRegression	0	Ensembl	http://www.ensembl.org/	Q5XKR4	None
M02109_2.00_ENSTNIG00000017092_Tetraodon_nigroviridis	M02109_2.00	Homo_sapiens	T209902_2.00	F223_2.00	TS12_2.00	MS64_2.00	ENSG00000171540	OTP	I	Homeodomain	Homeobox	1	0.598692764790911	pTH6064	PBM	Zoo_01	PBM	25215497	None	SimilarityRegression	0	Ensembl	http://www.ensembl.org/	Q5XKR4	None
M02111_2.00_uncx_Tetraodon_nigroviridis	M02111_2.00	Homo_sapiens	T209902_2.00	F223_2.00	TS12_2.00	MS64_2.00	ENSG00000171540	OTP	I	Homeodomain	Homeobox	1	0.598692764790911	pTH5474	PBM	Zoo_01	PBM	25215497	None	SimilarityRegression	0	Ensembl	http://www.ensembl.org/	Q5XKR4	None
M02114_2.00_ems_Drosophila_melanogaster	M02114_2.00	Homo_sapiens	T209902_2.00	F223_2.00	TS12_2.00	MS64_2.00	ENSG00000171540	OTP	I	Homeodomain	Homeobox	1	0.598692764790911	pTH5673	PBM	Zoo_01	PBM	25215497	None	SimilarityRegression	0	Ensembl	http://www.ensembl.org/	Q5XKR4	None
M02115_2.00_eve_Drosophila_melanogaster	M02115_2.00	Homo_sapiens	T209902_2.00	F223_2.00	TS12_2.00	MS64_2.00	ENSG00000171540	OTP	I	Homeodomain	Homeobox	1	0.598692764790911	pTH6436	PBM	Zoo_01	PBM	25215497	None	SimilarityRegression	0	Ensembl	http://www.ensembl.org/	Q5XKR4	None
M02116_2.00_Lim3_Drosophila_melanogaster	M02116_2.00	Homo_sapiens	T209902_2.00	F223_2.00	TS12_2.00	MS64_2.00	ENSG00000171540	OTP	I	Homeodomain	Homeobox	1	0.598692764790911	pTH6478	PBM	Zoo_01	PBM	25215497	None	SimilarityRegression	0	Ensembl	http://www.ensembl.org/	Q5XKR4	None
M02118_2.00_zen2_Drosophila_melanogaster	M02118_2.00	Homo_sapiens	T209902_2.00	F223_2.00	TS12_2.00	MS64_2.00	ENSG00000171540	OTP	I	Homeodomain	Homeobox	1	0.598692764790911	pTH5479	PBM	Zoo_01	PBM	25215497	None	SimilarityRegression	0	Ensembl	http://www.ensembl.org/	Q5XKR4	None
M02121_2.00_Awh_Drosophila_melanogaster	M02121_2.00	Homo_sapiens	T209902_2.00	F223_2.00	TS12_2.00	MS64_2.00	ENSG00000171540	OTP	I	Homeodomain	Homeobox	1	0.598692764790911	pTH5759	PBM	Zoo_01	PBM	25215497	None	SimilarityRegression	0	Ensembl	http://www.ensembl.org/	Q5XKR4	None
M02129_2.00_Vsx1_Drosophila_melanogaster	M02129_2.00	Homo_sapiens	T209902_2.00	F223_2.00	TS12_2.00	MS64_2.00	ENSG00000171540	OTP	I	Homeodomain	Homeobox	1	0.598692764790911	pTH5821	PBM	Zoo_01	PBM	25215497	None	SimilarityRegression	0	Ensembl	http://www.ensembl.org/	Q5XKR4	None
M02130_2.00_Vsx2_Drosophila_melanogaster	M02130_2.00	Homo_sapiens	T209902_2.00	F223_2.00	TS12_2.00	MS64_2.00	ENSG00000171540	OTP	I	Homeodomain	Homeobox	1	0.598692764790911	pTH6195	PBM	Zoo_01	PBM	25215497	None	SimilarityRegression	0	Ensembl	http://www.ensembl.org/	Q5XKR4	None
M02140_2.00_KLLA0_D10043g_Kluyveromyces_lactis	M02140_2.00	Homo_sapiens	T209902_2.00	F223_2.00	TS12_2.00	MS64_2.00	ENSG00000171540	OTP	I	Homeodomain	Homeobox	1	0.598692764790911	pTH6070	PBM	Zoo_01	PBM	25215497	None	SimilarityRegression	0	Ensembl	http://www.ensembl.org/	Q5XKR4	None
M02150_2.00_NEMVEDRAFT_v1g205636_Nematostella_vectensis	M02150_2.00	Homo_sapiens	T209902_2.00	F223_2.00	TS12_2.00	MS64_2.00	ENSG00000171540	OTP	I	Homeodomain	Homeobox	1	0.598692764790911	pTH5491	PBM	Zoo_01	PBM	25215497	None	SimilarityRegression	0	Ensembl	http://www.ensembl.org/	Q5XKR4	None
M02152_2.00_NEMVEDRAFT_v1g81309_Nematostella_vectensis	M02152_2.00	Homo_sapiens	T209902_2.00	F223_2.00	TS12_2.00	MS64_2.00	ENSG00000171540	OTP	I	Homeodomain	Homeobox	1	0.598692764790911	pTH5477	PBM	Zoo_01	PBM	25215497	None	SimilarityRegression	0	Ensembl	http://www.ensembl.org/	Q5XKR4	None
M02154_2.00_NEMVEDRAFT_v1g8907_Nematostella_vectensis	M02154_2.00	Homo_sapiens	T209902_2.00	F223_2.00	TS12_2.00	MS64_2.00	ENSG00000171540	OTP	I	Homeodomain	Homeobox	1	0.598692764790911	pTH6483	PBM	Zoo_01	PBM	25215497	None	SimilarityRegression	0	Ensembl	http://www.ensembl.org/	Q5XKR4	None
M02162_2.00_Q0N4F9_NEMVE_Nematostella_vectensis	M02162_2.00	Homo_sapiens	T209902_2.00	F223_2.00	TS12_2.00	MS64_2.00	ENSG00000171540	OTP	I	Homeodomain	Homeobox	1	0.598692764790911	pTH6150	PBM	Zoo_01	PBM	25215497	None	SimilarityRegression	0	Ensembl	http://www.ensembl.org/	Q5XKR4	None
M02166_2.00_Q0N4M8_NEMVE_Nematostella_vectensis	M02166_2.00	Homo_sapiens	T209902_2.00	F223_2.00	TS12_2.00	MS64_2.00	ENSG00000171540	OTP	I	Homeodomain	Homeobox	1	0.598692764790911	pTH6215	PBM	Zoo_01	PBM	25215497	None	SimilarityRegression	0	Ensembl	http://www.ensembl.org/	Q5XKR4	None
M02169_2.00_Q4RRY4_TETNG_Tetraodon_nigroviridis	M02169_2.00	Homo_sapiens	T209902_2.00	F223_2.00	TS12_2.00	MS64_2.00	ENSG00000171540	OTP	I	Homeodomain	Homeobox	1	0.598692764790911	pTH6326	PBM	Zoo_01	PBM	25215497	None	SimilarityRegression	0	Ensembl	http://www.ensembl.org/	Q5XKR4	None
M02170_2.00_Smp_158000_Schistosoma_mansoni	M02170_2.00	Homo_sapiens	T209902_2.00	F223_2.00	TS12_2.00	MS64_2.00	ENSG00000171540	OTP	I	Homeodomain	Homeobox	1	0.598692764790911	pTH5672	PBM	Zoo_01	PBM	25215497	None	SimilarityRegression	0	Ensembl	http://www.ensembl.org/	Q5XKR4	None
M02175_2.00_SPU_026099_Strongylocentrotus_purpuratus	M02175_2.00	Homo_sapiens	T209902_2.00	F223_2.00	TS12_2.00	MS64_2.00	ENSG00000171540	OTP	I	Homeodomain	Homeobox	1	0.598692764790911	pTH6140	PBM	Zoo_01	PBM	25215497	None	SimilarityRegression	0	Ensembl	http://www.ensembl.org/	Q5XKR4	None
M02179_2.00_ceh.5_Caenorhabditis_elegans	M02179_2.00	Homo_sapiens	T209902_2.00	F223_2.00	TS12_2.00	MS64_2.00	ENSG00000171540	OTP	I	Homeodomain	Homeobox	1	0.598692764790911	pTH6562	PBM	Zoo_01	PBM	25215497	None	SimilarityRegression	0	Ensembl	http://www.ensembl.org/	Q5XKR4	None
M02182_2.00_lim.4_Caenorhabditis_elegans	M02182_2.00	Homo_sapiens	T209902_2.00	F223_2.00	TS12_2.00	MS64_2.00	ENSG00000171540	OTP	I	Homeodomain	Homeobox	1	0.598692764790911	pTH6366	PBM	Zoo_01	PBM	25215497	None	SimilarityRegression	0	Ensembl	http://www.ensembl.org/	Q5XKR4	None
M02187_2.00_ceh.62_Caenorhabditis_elegans	M02187_2.00	Homo_sapiens	T209902_2.00	F223_2.00	TS12_2.00	MS64_2.00	ENSG00000171540	OTP	I	Homeodomain	Homeobox	1	0.598692764790911	pTH5492	PBM	Zoo_01	PBM	25215497	None	SimilarityRegression	0	Ensembl	http://www.ensembl.org/	Q5XKR4	None
M02190_2.00_PHO2_Saccharomyces_cerevisiae	M02190_2.00	Homo_sapiens	T209902_2.00	F223_2.00	TS12_2.00	MS64_2.00	ENSG00000171540	OTP	I	Homeodomain	Homeobox	1	0.598692764790911	pTH6406	PBM	Zoo_01	PBM	25215497	None	SimilarityRegression	0	Ensembl	http://www.ensembl.org/	Q5XKR4	None
M02200_2.00_P79681_ACIBE_Acipenser_baerii	M02200_2.00	Homo_sapiens	T209902_2.00	F223_2.00	TS12_2.00	MS64_2.00	ENSG00000171540	OTP	I	Homeodomain	Homeobox	1	0.598692764790911	pTH6156	PBM	Zoo_01	PBM	25215497	None	SimilarityRegression	0	Ensembl	http://www.ensembl.org/	Q5XKR4	None
M02205_2.00_Q24780_9CNID_Eleutheria_dichotoma	M02205_2.00	Homo_sapiens	T209902_2.00	F223_2.00	TS12_2.00	MS64_2.00	ENSG00000171540	OTP	I	Homeodomain	Homeobox	1	0.598692764790911	pTH6308	PBM	Zoo_01	PBM	25215497	None	SimilarityRegression	0	Ensembl	http://www.ensembl.org/	Q5XKR4	None
M02221_2.00_AAZ08039_Xenopus_tropicalis	M02221_2.00	Homo_sapiens	T209902_2.00	F223_2.00	TS12_2.00	MS64_2.00	ENSG00000171540	OTP	I	Homeodomain	Homeobox	1	0.598692764790911	pTH5791	PBM	Zoo_01	PBM	25215497	None	SimilarityRegression	0	Ensembl	http://www.ensembl.org/	Q5XKR4	None
M02228_2.00_SNAPOd2T00003340001_Oikopleura_dioica	M02228_2.00	Homo_sapiens	T209902_2.00	F223_2.00	TS12_2.00	MS64_2.00	ENSG00000171540	OTP	I	Homeodomain	Homeobox	1	0.598692764790911	pTH6369	PBM	Zoo_01	PBM	25215497	None	SimilarityRegression	0	Ensembl	http://www.ensembl.org/	Q5XKR4	None
M02230_2.00_SNAPOd2T00006145001_Oikopleura_dioica	M02230_2.00	Homo_sapiens	T209902_2.00	F223_2.00	TS12_2.00	MS64_2.00	ENSG00000171540	OTP	I	Homeodomain	Homeobox	1	0.598692764790911	pTH5930	PBM	Zoo_01	PBM	25215497	None	SimilarityRegression	0	Ensembl	http://www.ensembl.org/	Q5XKR4	None
M02231_2.00_SNAPOd2T00006620001_Oikopleura_dioica	M02231_2.00	Homo_sapiens	T209902_2.00	F223_2.00	TS12_2.00	MS64_2.00	ENSG00000171540	OTP	I	Homeodomain	Homeobox	1	0.598692764790911	pTH5666	PBM	Zoo_01	PBM	25215497	None	SimilarityRegression	0	Ensembl	http://www.ensembl.org/	Q5XKR4	None
M02233_2.00_mixl1.S_Xenopus_laevis	M02233_2.00	Homo_sapiens	T209902_2.00	F223_2.00	TS12_2.00	MS64_2.00	ENSG00000171540	OTP	I	Homeodomain	Homeobox	1	0.598692764790911	pTH6163	PBM	Zoo_01	PBM	25215497	None	SimilarityRegression	0	Ensembl	http://www.ensembl.org/	Q5XKR4	None
M03251_2.00_Hoxa2_Mus_musculus	M03251_2.00	Homo_sapiens	T209902_2.00	F223_2.00	TS12_2.00	MS33_2.00	ENSG00000171540	OTP	I	Homeodomain	Homeobox	1	0.598692764790911	Hoxa2_1	SELEX	Jolma2013	SELEX	23332764	January 2013	SimilarityRegression	0	Ensembl	http://www.ensembl.org/	Q5XKR4	None
M03255_2.00_Msx3_Mus_musculus	M03255_2.00	Homo_sapiens	T209902_2.00	F223_2.00	TS12_2.00	MS33_2.00	ENSG00000171540	OTP	I	Homeodomain	Homeobox	1	0.598692764790911	Msx3_1	SELEX	Jolma2013	SELEX	23332764	January 2013	SimilarityRegression	0	Ensembl	http://www.ensembl.org/	Q5XKR4	None
M03256_2.00_Msx3_Mus_musculus	M03256_2.00	Homo_sapiens	T209902_2.00	F223_2.00	TS12_2.00	MS33_2.00	ENSG00000171540	OTP	I	Homeodomain	Homeobox	1	0.598692764790911	Msx3_2	SELEX	Jolma2013	SELEX	23332764	January 2013	SimilarityRegression	0	Ensembl	http://www.ensembl.org/	Q5XKR4	None
M03257_2.00_Lhx4_Mus_musculus	M03257_2.00	Homo_sapiens	T209902_2.00	F223_2.00	TS12_2.00	MS33_2.00	ENSG00000171540	OTP	I	Homeodomain	Homeobox	1	0.598692764790911	Lhx4_1	SELEX	Jolma2013	SELEX	23332764	January 2013	SimilarityRegression	0	Ensembl	http://www.ensembl.org/	Q5XKR4	None
M03263_2.00_Shox2_Mus_musculus	M03263_2.00	Homo_sapiens	T209902_2.00	F223_2.00	TS12_2.00	MS33_2.00	ENSG00000171540	OTP	I	Homeodomain	Homeobox	1	0.598692764790911	Shox2_1	SELEX	Jolma2013	SELEX	23332764	January 2013	SimilarityRegression	0	Ensembl	http://www.ensembl.org/	Q5XKR4	None
M03264_2.00_Uncx_Mus_musculus	M03264_2.00	Homo_sapiens	T209902_2.00	F223_2.00	TS12_2.00	MS33_2.00	ENSG00000171540	OTP	I	Homeodomain	Homeobox	1	0.598692764790911	Uncx_1	SELEX	Jolma2013	SELEX	23332764	January 2013	SimilarityRegression	0	Ensembl	http://www.ensembl.org/	Q5XKR4	None
M03265_2.00_Uncx_Mus_musculus	M03265_2.00	Homo_sapiens	T209902_2.00	F223_2.00	TS12_2.00	MS33_2.00	ENSG00000171540	OTP	I	Homeodomain	Homeobox	1	0.598692764790911	Uncx_2	SELEX	Jolma2013	SELEX	23332764	January 2013	SimilarityRegression	0	Ensembl	http://www.ensembl.org/	Q5XKR4	None
M03267_2.00_Vsx1_Mus_musculus	M03267_2.00	Homo_sapiens	T209902_2.00	F223_2.00	TS12_2.00	MS33_2.00	ENSG00000171540	OTP	I	Homeodomain	Homeobox	1	0.598692764790911	Vsx1_1	SELEX	Jolma2013	SELEX	23332764	January 2013	SimilarityRegression	0	Ensembl	http://www.ensembl.org/	Q5XKR4	None
M03268_2.00_Gbx2_Mus_musculus	M03268_2.00	Homo_sapiens	T209902_2.00	F223_2.00	TS12_2.00	MS33_2.00	ENSG00000171540	OTP	I	Homeodomain	Homeobox	1	0.598692764790911	Gbx2_1	SELEX	Jolma2013	SELEX	23332764	January 2013	SimilarityRegression	0	Ensembl	http://www.ensembl.org/	Q5XKR4	None
M03269_2.00_Arx_Mus_musculus	M03269_2.00	Homo_sapiens	T209902_2.00	F223_2.00	TS12_2.00	MS33_2.00	ENSG00000171540	OTP	I	Homeodomain	Homeobox	1	0.598692764790911	Arx_1	SELEX	Jolma2013	SELEX	23332764	January 2013	SimilarityRegression	0	Ensembl	http://www.ensembl.org/	Q5XKR4	None
M03272_2.00_Alx1_Mus_musculus	M03272_2.00	Homo_sapiens	T209902_2.00	F223_2.00	TS12_2.00	MS33_2.00	ENSG00000171540	OTP	I	Homeodomain	Homeobox	1	0.598692764790911	Alx1_1	SELEX	Jolma2013	SELEX	23332764	January 2013	SimilarityRegression	0	Ensembl	http://www.ensembl.org/	Q5XKR4	None
M03273_2.00_Alx1_Mus_musculus	M03273_2.00	Homo_sapiens	T209902_2.00	F223_2.00	TS12_2.00	MS33_2.00	ENSG00000171540	OTP	I	Homeodomain	Homeobox	1	0.598692764790911	Alx1_2	SELEX	Jolma2013	SELEX	23332764	January 2013	SimilarityRegression	0	Ensembl	http://www.ensembl.org/	Q5XKR4	None
M03276_2.00_En2_Mus_musculus	M03276_2.00	Homo_sapiens	T209902_2.00	F223_2.00	TS12_2.00	MS33_2.00	ENSG00000171540	OTP	I	Homeodomain	Homeobox	1	0.598692764790911	En2_1	SELEX	Jolma2013	SELEX	23332764	January 2013	SimilarityRegression	0	Ensembl	http://www.ensembl.org/	Q5XKR4	None
M03277_2.00_Prrx2_Mus_musculus	M03277_2.00	Homo_sapiens	T209902_2.00	F223_2.00	TS12_2.00	MS33_2.00	ENSG00000171540	OTP	I	Homeodomain	Homeobox	1	0.598692764790911	Prrx2_1	SELEX	Jolma2013	SELEX	23332764	January 2013	SimilarityRegression	0	Ensembl	http://www.ensembl.org/	Q5XKR4	None
M03278_2.00_Alx4_Mus_musculus	M03278_2.00	Homo_sapiens	T209902_2.00	F223_2.00	TS12_2.00	MS33_2.00	ENSG00000171540	OTP	I	Homeodomain	Homeobox	1	0.598692764790911	Alx4_1	SELEX	Jolma2013	SELEX	23332764	January 2013	SimilarityRegression	0	Ensembl	http://www.ensembl.org/	Q5XKR4	None
M03286_2.00_Gbx1_Mus_musculus	M03286_2.00	Homo_sapiens	T209902_2.00	F223_2.00	TS12_2.00	MS33_2.00	ENSG00000171540	OTP	I	Homeodomain	Homeobox	1	0.598692764790911	Gbx1_1	SELEX	Jolma2013	SELEX	23332764	January 2013	SimilarityRegression	0	Ensembl	http://www.ensembl.org/	Q5XKR4	None
M03287_2.00_Hoxd3_Mus_musculus	M03287_2.00	Homo_sapiens	T209902_2.00	F223_2.00	TS12_2.00	MS33_2.00	ENSG00000171540	OTP	I	Homeodomain	Homeobox	1	0.598692764790911	Hoxd3_1	SELEX	Jolma2013	SELEX	23332764	January 2013	SimilarityRegression	0	Ensembl	http://www.ensembl.org/	Q5XKR4	None
M03288_2.00_Lhx8_Mus_musculus	M03288_2.00	Homo_sapiens	T209902_2.00	F223_2.00	TS12_2.00	MS33_2.00	ENSG00000171540	OTP	I	Homeodomain	Homeobox	1	0.598692764790911	Lhx8_1	SELEX	Jolma2013	SELEX	23332764	January 2013	SimilarityRegression	0	Ensembl	http://www.ensembl.org/	Q5XKR4	None
M03289_2.00_Lhx8_Mus_musculus	M03289_2.00	Homo_sapiens	T209902_2.00	F223_2.00	TS12_2.00	MS33_2.00	ENSG00000171540	OTP	I	Homeodomain	Homeobox	1	0.598692764790911	Lhx8_2	SELEX	Jolma2013	SELEX	23332764	January 2013	SimilarityRegression	0	Ensembl	http://www.ensembl.org/	Q5XKR4	None
M03290_2.00_Lhx8_Mus_musculus	M03290_2.00	Homo_sapiens	T209902_2.00	F223_2.00	TS12_2.00	MS33_2.00	ENSG00000171540	OTP	I	Homeodomain	Homeobox	1	0.598692764790911	Lhx8_3	SELEX	Jolma2013	SELEX	23332764	January 2013	SimilarityRegression	0	Ensembl	http://www.ensembl.org/	Q5XKR4	None
M03776_2.00_al_Drosophila_melanogaster	M03776_2.00	Homo_sapiens	T209902_2.00	F223_2.00	TS12_2.00	MS45_2.00	ENSG00000171540	OTP	I	Homeodomain	Homeobox	1	0.598692764790911	al_1	SELEX	Nitta2015	SELEX	25779349	None	SimilarityRegression	0	Ensembl	http://www.ensembl.org/	Q5XKR4	None
M03784_2.00_Dfd_Drosophila_melanogaster	M03784_2.00	Homo_sapiens	T209902_2.00	F223_2.00	TS12_2.00	MS45_2.00	ENSG00000171540	OTP	I	Homeodomain	Homeobox	1	0.598692764790911	Dfd_1	SELEX	Nitta2015	SELEX	25779349	None	SimilarityRegression	0	Ensembl	http://www.ensembl.org/	Q5XKR4	None
M03785_2.00_Dfd_Drosophila_melanogaster	M03785_2.00	Homo_sapiens	T209902_2.00	F223_2.00	TS12_2.00	MS45_2.00	ENSG00000171540	OTP	I	Homeodomain	Homeobox	1	0.598692764790911	Dfd_2	SELEX	Nitta2015	SELEX	25779349	None	SimilarityRegression	0	Ensembl	http://www.ensembl.org/	Q5XKR4	None
M03789_2.00_ems_Drosophila_melanogaster	M03789_2.00	Homo_sapiens	T209902_2.00	F223_2.00	TS12_2.00	MS45_2.00	ENSG00000171540	OTP	I	Homeodomain	Homeobox	1	0.598692764790911	ems_1	SELEX	Nitta2015	SELEX	25779349	None	SimilarityRegression	0	Ensembl	http://www.ensembl.org/	Q5XKR4	None
M03790_2.00_ems_Drosophila_melanogaster	M03790_2.00	Homo_sapiens	T209902_2.00	F223_2.00	TS12_2.00	MS45_2.00	ENSG00000171540	OTP	I	Homeodomain	Homeobox	1	0.598692764790911	ems_2	SELEX	Nitta2015	SELEX	25779349	None	SimilarityRegression	0	Ensembl	http://www.ensembl.org/	Q5XKR4	None
M03791_2.00_ems_Drosophila_melanogaster	M03791_2.00	Homo_sapiens	T209902_2.00	F223_2.00	TS12_2.00	MS45_2.00	ENSG00000171540	OTP	I	Homeodomain	Homeobox	1	0.598692764790911	ems_3	SELEX	Nitta2015	SELEX	25779349	None	SimilarityRegression	0	Ensembl	http://www.ensembl.org/	Q5XKR4	None
M03792_2.00_ems_Drosophila_melanogaster	M03792_2.00	Homo_sapiens	T209902_2.00	F223_2.00	TS12_2.00	MS45_2.00	ENSG00000171540	OTP	I	Homeodomain	Homeobox	1	0.598692764790911	ems_4	SELEX	Nitta2015	SELEX	25779349	None	SimilarityRegression	0	Ensembl	http://www.ensembl.org/	Q5XKR4	None
M03793_2.00_en_Drosophila_melanogaster	M03793_2.00	Homo_sapiens	T209902_2.00	F223_2.00	TS12_2.00	MS45_2.00	ENSG00000171540	OTP	I	Homeodomain	Homeobox	1	0.598692764790911	en_1	SELEX	Nitta2015	SELEX	25779349	None	SimilarityRegression	0	Ensembl	http://www.ensembl.org/	Q5XKR4	None
M03794_2.00_eve_Drosophila_melanogaster	M03794_2.00	Homo_sapiens	T209902_2.00	F223_2.00	TS12_2.00	MS45_2.00	ENSG00000171540	OTP	I	Homeodomain	Homeobox	1	0.598692764790911	eve_1	SELEX	Nitta2015	SELEX	25779349	None	SimilarityRegression	0	Ensembl	http://www.ensembl.org/	Q5XKR4	None
M03796_2.00_Lim3_Drosophila_melanogaster	M03796_2.00	Homo_sapiens	T209902_2.00	F223_2.00	TS12_2.00	MS45_2.00	ENSG00000171540	OTP	I	Homeodomain	Homeobox	1	0.598692764790911	Lim3_1	SELEX	Nitta2015	SELEX	25779349	None	SimilarityRegression	0	Ensembl	http://www.ensembl.org/	Q5XKR4	None
M03798_2.00_slou_Drosophila_melanogaster	M03798_2.00	Homo_sapiens	T209902_2.00	F223_2.00	TS12_2.00	MS45_2.00	ENSG00000171540	OTP	I	Homeodomain	Homeobox	1	0.598692764790911	slou_1	SELEX	Nitta2015	SELEX	25779349	None	SimilarityRegression	0	Ensembl	http://www.ensembl.org/	Q5XKR4	None
M03799_2.00_Scr_Drosophila_melanogaster	M03799_2.00	Homo_sapiens	T209902_2.00	F223_2.00	TS12_2.00	MS45_2.00	ENSG00000171540	OTP	I	Homeodomain	Homeobox	1	0.598692764790911	Scr_1	SELEX	Nitta2015	SELEX	25779349	None	SimilarityRegression	0	Ensembl	http://www.ensembl.org/	Q5XKR4	None
M03805_2.00_zen_Drosophila_melanogaster	M03805_2.00	Homo_sapiens	T209902_2.00	F223_2.00	TS12_2.00	MS45_2.00	ENSG00000171540	OTP	I	Homeodomain	Homeobox	1	0.598692764790911	zen_1	SELEX	Nitta2015	SELEX	25779349	None	SimilarityRegression	0	Ensembl	http://www.ensembl.org/	Q5XKR4	None
M03806_2.00_zen2_Drosophila_melanogaster	M03806_2.00	Homo_sapiens	T209902_2.00	F223_2.00	TS12_2.00	MS45_2.00	ENSG00000171540	OTP	I	Homeodomain	Homeobox	1	0.598692764790911	zen2_1	SELEX	Nitta2015	SELEX	25779349	None	SimilarityRegression	0	Ensembl	http://www.ensembl.org/	Q5XKR4	None
M03807_2.00_zen2_Drosophila_melanogaster	M03807_2.00	Homo_sapiens	T209902_2.00	F223_2.00	TS12_2.00	MS45_2.00	ENSG00000171540	OTP	I	Homeodomain	Homeobox	1	0.598692764790911	zen2_2	SELEX	Nitta2015	SELEX	25779349	None	SimilarityRegression	0	Ensembl	http://www.ensembl.org/	Q5XKR4	None
M03813_2.00_hbn_Drosophila_melanogaster	M03813_2.00	Homo_sapiens	T209902_2.00	F223_2.00	TS12_2.00	MS45_2.00	ENSG00000171540	OTP	I	Homeodomain	Homeobox	1	0.598692764790911	hbn_1	SELEX	Nitta2015	SELEX	25779349	None	SimilarityRegression	0	Ensembl	http://www.ensembl.org/	Q5XKR4	None
M03814_2.00_E5_Drosophila_melanogaster	M03814_2.00	Homo_sapiens	T209902_2.00	F223_2.00	TS12_2.00	MS45_2.00	ENSG00000171540	OTP	I	Homeodomain	Homeobox	1	0.598692764790911	E5_1	SELEX	Nitta2015	SELEX	25779349	None	SimilarityRegression	0	Ensembl	http://www.ensembl.org/	Q5XKR4	None
M03826_2.00_repo_Drosophila_melanogaster	M03826_2.00	Homo_sapiens	T209902_2.00	F223_2.00	TS12_2.00	MS45_2.00	ENSG00000171540	OTP	I	Homeodomain	Homeobox	1	0.598692764790911	repo_1	SELEX	Nitta2015	SELEX	25779349	None	SimilarityRegression	0	Ensembl	http://www.ensembl.org/	Q5XKR4	None
M03827_2.00_repo_Drosophila_melanogaster	M03827_2.00	Homo_sapiens	T209902_2.00	F223_2.00	TS12_2.00	MS45_2.00	ENSG00000171540	OTP	I	Homeodomain	Homeobox	1	0.598692764790911	repo_2	SELEX	Nitta2015	SELEX	25779349	None	SimilarityRegression	0	Ensembl	http://www.ensembl.org/	Q5XKR4	None
M03828_2.00_repo_Drosophila_melanogaster	M03828_2.00	Homo_sapiens	T209902_2.00	F223_2.00	TS12_2.00	MS45_2.00	ENSG00000171540	OTP	I	Homeodomain	Homeobox	1	0.598692764790911	repo_3	SELEX	Nitta2015	SELEX	25779349	None	SimilarityRegression	0	Ensembl	http://www.ensembl.org/	Q5XKR4	None
M03831_2.00_Awh_Drosophila_melanogaster	M03831_2.00	Homo_sapiens	T209902_2.00	F223_2.00	TS12_2.00	MS45_2.00	ENSG00000171540	OTP	I	Homeodomain	Homeobox	1	0.598692764790911	Awh_1	SELEX	Nitta2015	SELEX	25779349	None	SimilarityRegression	0	Ensembl	http://www.ensembl.org/	Q5XKR4	None
M03834_2.00_otp_Drosophila_melanogaster	M03834_2.00	Homo_sapiens	T209902_2.00	F223_2.00	TS12_2.00	MS45_2.00	ENSG00000171540	OTP	I	Homeodomain	Homeobox	1	0.598692764790911	otp_1	SELEX	Nitta2015	SELEX	25779349	None	SimilarityRegression	0	Ensembl	http://www.ensembl.org/	Q5XKR4	None
M03835_2.00_otp_Drosophila_melanogaster	M03835_2.00	Homo_sapiens	T209902_2.00	F223_2.00	TS12_2.00	MS45_2.00	ENSG00000171540	OTP	I	Homeodomain	Homeobox	1	0.598692764790911	otp_2	SELEX	Nitta2015	SELEX	25779349	None	SimilarityRegression	0	Ensembl	http://www.ensembl.org/	Q5XKR4	None
M03836_2.00_unpg_Drosophila_melanogaster	M03836_2.00	Homo_sapiens	T209902_2.00	F223_2.00	TS12_2.00	MS45_2.00	ENSG00000171540	OTP	I	Homeodomain	Homeobox	1	0.598692764790911	unpg_1	SELEX	Nitta2015	SELEX	25779349	None	SimilarityRegression	0	Ensembl	http://www.ensembl.org/	Q5XKR4	None
M03840_2.00_Rx_Drosophila_melanogaster	M03840_2.00	Homo_sapiens	T209902_2.00	F223_2.00	TS12_2.00	MS45_2.00	ENSG00000171540	OTP	I	Homeodomain	Homeobox	1	0.598692764790911	Rx_1	SELEX	Nitta2015	SELEX	25779349	None	SimilarityRegression	0	Ensembl	http://www.ensembl.org/	Q5XKR4	None
M03841_2.00_Rx_Drosophila_melanogaster	M03841_2.00	Homo_sapiens	T209902_2.00	F223_2.00	TS12_2.00	MS45_2.00	ENSG00000171540	OTP	I	Homeodomain	Homeobox	1	0.598692764790911	Rx_2	SELEX	Nitta2015	SELEX	25779349	None	SimilarityRegression	0	Ensembl	http://www.ensembl.org/	Q5XKR4	None
M03845_2.00_Pph13_Drosophila_melanogaster	M03845_2.00	Homo_sapiens	T209902_2.00	F223_2.00	TS12_2.00	MS45_2.00	ENSG00000171540	OTP	I	Homeodomain	Homeobox	1	0.598692764790911	Pph13_1	SELEX	Nitta2015	SELEX	25779349	None	SimilarityRegression	0	Ensembl	http://www.ensembl.org/	Q5XKR4	None
M03846_2.00_unc.4_Drosophila_melanogaster	M03846_2.00	Homo_sapiens	T209902_2.00	F223_2.00	TS12_2.00	MS45_2.00	ENSG00000171540	OTP	I	Homeodomain	Homeobox	1	0.598692764790911	unc-4_1	SELEX	Nitta2015	SELEX	25779349	None	SimilarityRegression	0	Ensembl	http://www.ensembl.org/	Q5XKR4	None
M03849_2.00_PHDP_Drosophila_melanogaster	M03849_2.00	Homo_sapiens	T209902_2.00	F223_2.00	TS12_2.00	MS45_2.00	ENSG00000171540	OTP	I	Homeodomain	Homeobox	1	0.598692764790911	PHDP_1	SELEX	Nitta2015	SELEX	25779349	None	SimilarityRegression	0	Ensembl	http://www.ensembl.org/	Q5XKR4	None
M03851_2.00_OdsH_Drosophila_melanogaster	M03851_2.00	Homo_sapiens	T209902_2.00	F223_2.00	TS12_2.00	MS45_2.00	ENSG00000171540	OTP	I	Homeodomain	Homeobox	1	0.598692764790911	OdsH_1	SELEX	Nitta2015	SELEX	25779349	None	SimilarityRegression	0	Ensembl	http://www.ensembl.org/	Q5XKR4	None
M03852_2.00_OdsH_Drosophila_melanogaster	M03852_2.00	Homo_sapiens	T209902_2.00	F223_2.00	TS12_2.00	MS45_2.00	ENSG00000171540	OTP	I	Homeodomain	Homeobox	1	0.598692764790911	OdsH_2	SELEX	Nitta2015	SELEX	25779349	None	SimilarityRegression	0	Ensembl	http://www.ensembl.org/	Q5XKR4	None
M03855_2.00_CG11294_Drosophila_melanogaster	M03855_2.00	Homo_sapiens	T209902_2.00	F223_2.00	TS12_2.00	MS45_2.00	ENSG00000171540	OTP	I	Homeodomain	Homeobox	1	0.598692764790911	CG11294_1	SELEX	Nitta2015	SELEX	25779349	None	SimilarityRegression	0	Ensembl	http://www.ensembl.org/	Q5XKR4	None
M03856_2.00_CG11294_Drosophila_melanogaster	M03856_2.00	Homo_sapiens	T209902_2.00	F223_2.00	TS12_2.00	MS45_2.00	ENSG00000171540	OTP	I	Homeodomain	Homeobox	1	0.598692764790911	CG11294_2	SELEX	Nitta2015	SELEX	25779349	None	SimilarityRegression	0	Ensembl	http://www.ensembl.org/	Q5XKR4	None
M03857_2.00_CG11085_Drosophila_melanogaster	M03857_2.00	Homo_sapiens	T209902_2.00	F223_2.00	TS12_2.00	MS45_2.00	ENSG00000171540	OTP	I	Homeodomain	Homeobox	1	0.598692764790911	CG11085_1	SELEX	Nitta2015	SELEX	25779349	None	SimilarityRegression	0	Ensembl	http://www.ensembl.org/	Q5XKR4	None
M03858_2.00_CG11085_Drosophila_melanogaster	M03858_2.00	Homo_sapiens	T209902_2.00	F223_2.00	TS12_2.00	MS45_2.00	ENSG00000171540	OTP	I	Homeodomain	Homeobox	1	0.598692764790911	CG11085_2	SELEX	Nitta2015	SELEX	25779349	None	SimilarityRegression	0	Ensembl	http://www.ensembl.org/	Q5XKR4	None
M03863_2.00_lms_Drosophila_melanogaster	M03863_2.00	Homo_sapiens	T209902_2.00	F223_2.00	TS12_2.00	MS45_2.00	ENSG00000171540	OTP	I	Homeodomain	Homeobox	1	0.598692764790911	CG13424_1	SELEX	Nitta2015	SELEX	25779349	None	SimilarityRegression	0	Ensembl	http://www.ensembl.org/	Q5XKR4	None
M03864_2.00_lms_Drosophila_melanogaster	M03864_2.00	Homo_sapiens	T209902_2.00	F223_2.00	TS12_2.00	MS45_2.00	ENSG00000171540	OTP	I	Homeodomain	Homeobox	1	0.598692764790911	lms_1	SELEX	Nitta2015	SELEX	25779349	None	SimilarityRegression	0	Ensembl	http://www.ensembl.org/	Q5XKR4	None
M03865_2.00_CG9876_Drosophila_melanogaster	M03865_2.00	Homo_sapiens	T209902_2.00	F223_2.00	TS12_2.00	MS45_2.00	ENSG00000171540	OTP	I	Homeodomain	Homeobox	1	0.598692764790911	CG9876_1	SELEX	Nitta2015	SELEX	25779349	None	SimilarityRegression	0	Ensembl	http://www.ensembl.org/	Q5XKR4	None
M03866_2.00_CG9876_Drosophila_melanogaster	M03866_2.00	Homo_sapiens	T209902_2.00	F223_2.00	TS12_2.00	MS45_2.00	ENSG00000171540	OTP	I	Homeodomain	Homeobox	1	0.598692764790911	CG9876_2	SELEX	Nitta2015	SELEX	25779349	None	SimilarityRegression	0	Ensembl	http://www.ensembl.org/	Q5XKR4	None
M03867_2.00_CG9876_Drosophila_melanogaster	M03867_2.00	Homo_sapiens	T209902_2.00	F223_2.00	TS12_2.00	MS45_2.00	ENSG00000171540	OTP	I	Homeodomain	Homeobox	1	0.598692764790911	CG9876_3	SELEX	Nitta2015	SELEX	25779349	None	SimilarityRegression	0	Ensembl	http://www.ensembl.org/	Q5XKR4	None
M03868_2.00_CG9876_Drosophila_melanogaster	M03868_2.00	Homo_sapiens	T209902_2.00	F223_2.00	TS12_2.00	MS45_2.00	ENSG00000171540	OTP	I	Homeodomain	Homeobox	1	0.598692764790911	CG9876_4	SELEX	Nitta2015	SELEX	25779349	None	SimilarityRegression	0	Ensembl	http://www.ensembl.org/	Q5XKR4	None
M03871_2.00_exex_Drosophila_melanogaster	M03871_2.00	Homo_sapiens	T209902_2.00	F223_2.00	TS12_2.00	MS45_2.00	ENSG00000171540	OTP	I	Homeodomain	Homeobox	1	0.598692764790911	exex_1	SELEX	Nitta2015	SELEX	25779349	None	SimilarityRegression	0	Ensembl	http://www.ensembl.org/	Q5XKR4	None
M03872_2.00_pb_Drosophila_melanogaster	M03872_2.00	Homo_sapiens	T209902_2.00	F223_2.00	TS12_2.00	MS45_2.00	ENSG00000171540	OTP	I	Homeodomain	Homeobox	1	0.598692764790911	pb_1	SELEX	Nitta2015	SELEX	25779349	None	SimilarityRegression	0	Ensembl	http://www.ensembl.org/	Q5XKR4	None
M03873_2.00_CG32105_Drosophila_melanogaster	M03873_2.00	Homo_sapiens	T209902_2.00	F223_2.00	TS12_2.00	MS45_2.00	ENSG00000171540	OTP	I	Homeodomain	Homeobox	1	0.598692764790911	CG32105_1	SELEX	Nitta2015	SELEX	25779349	None	SimilarityRegression	0	Ensembl	http://www.ensembl.org/	Q5XKR4	None
M03874_2.00_CG32532_Drosophila_melanogaster	M03874_2.00	Homo_sapiens	T209902_2.00	F223_2.00	TS12_2.00	MS45_2.00	ENSG00000171540	OTP	I	Homeodomain	Homeobox	1	0.598692764790911	CG32532_1	SELEX	Nitta2015	SELEX	25779349	None	SimilarityRegression	0	Ensembl	http://www.ensembl.org/	Q5XKR4	None
M03875_2.00_CG2808_Drosophila_melanogaster	M03875_2.00	Homo_sapiens	T209902_2.00	F223_2.00	TS12_2.00	MS45_2.00	ENSG00000171540	OTP	I	Homeodomain	Homeobox	1	0.598692764790911	CG2808_1	SELEX	Nitta2015	SELEX	25779349	None	SimilarityRegression	0	Ensembl	http://www.ensembl.org/	Q5XKR4	None
M03876_2.00_CG5369_Drosophila_melanogaster	M03876_2.00	Homo_sapiens	T209902_2.00	F223_2.00	TS12_2.00	MS45_2.00	ENSG00000171540	OTP	I	Homeodomain	Homeobox	1	0.598692764790911	CG5369_1	SELEX	Nitta2015	SELEX	25779349	None	SimilarityRegression	0	Ensembl	http://www.ensembl.org/	Q5XKR4	None
M03877_2.00_CG5369_Drosophila_melanogaster	M03877_2.00	Homo_sapiens	T209902_2.00	F223_2.00	TS12_2.00	MS45_2.00	ENSG00000171540	OTP	I	Homeodomain	Homeobox	1	0.598692764790911	CG5369_2	SELEX	Nitta2015	SELEX	25779349	None	SimilarityRegression	0	Ensembl	http://www.ensembl.org/	Q5XKR4	None
M03878_2.00_CG5369_Drosophila_melanogaster	M03878_2.00	Homo_sapiens	T209902_2.00	F223_2.00	TS12_2.00	MS45_2.00	ENSG00000171540	OTP	I	Homeodomain	Homeobox	1	0.598692764790911	CG5369_3	SELEX	Nitta2015	SELEX	25779349	None	SimilarityRegression	0	Ensembl	http://www.ensembl.org/	Q5XKR4	None
M03879_2.00_Vsx1_Drosophila_melanogaster	M03879_2.00	Homo_sapiens	T209902_2.00	F223_2.00	TS12_2.00	MS45_2.00	ENSG00000171540	OTP	I	Homeodomain	Homeobox	1	0.598692764790911	Vsx1_1	SELEX	Nitta2015	SELEX	25779349	None	SimilarityRegression	0	Ensembl	http://www.ensembl.org/	Q5XKR4	None
M03880_2.00_Vsx2_Drosophila_melanogaster	M03880_2.00	Homo_sapiens	T209902_2.00	F223_2.00	TS12_2.00	MS45_2.00	ENSG00000171540	OTP	I	Homeodomain	Homeobox	1	0.598692764790911	Vsx2_1	SELEX	Nitta2015	SELEX	25779349	None	SimilarityRegression	0	Ensembl	http://www.ensembl.org/	Q5XKR4	None
M03881_2.00_Vsx2_Drosophila_melanogaster	M03881_2.00	Homo_sapiens	T209902_2.00	F223_2.00	TS12_2.00	MS45_2.00	ENSG00000171540	OTP	I	Homeodomain	Homeobox	1	0.598692764790911	Vsx2_2	SELEX	Nitta2015	SELEX	25779349	None	SimilarityRegression	0	Ensembl	http://www.ensembl.org/	Q5XKR4	None
M06212_2.00_al_Drosophila_melanogaster	M06212_2.00	Homo_sapiens	T209902_2.00	F223_2.00	TS12_2.00	MS19_2.00	ENSG00000171540	OTP	I	Homeodomain	Homeobox	1	0.598692764790911	Al_Cell_FBgn0000061	B1H	FlyFactorSurvey	B1H	21097781	July 2012	SimilarityRegression	0	Ensembl	http://www.ensembl.org/	Q5XKR4	None
M06213_2.00_al_Drosophila_melanogaster	M06213_2.00	Homo_sapiens	T209902_2.00	F223_2.00	TS12_2.00	MS19_2.00	ENSG00000171540	OTP	I	Homeodomain	Homeobox	1	0.598692764790911	Al_SOLEXA_FBgn0000061	B1H	FlyFactorSurvey	B1H	21097781	July 2012	SimilarityRegression	0	Ensembl	http://www.ensembl.org/	Q5XKR4	None
M06214_2.00_ap_Drosophila_melanogaster	M06214_2.00	Homo_sapiens	T209902_2.00	F223_2.00	TS12_2.00	MS19_2.00	ENSG00000171540	OTP	I	Homeodomain	Homeobox	1	0.598692764790911	Ap_Cell_FBgn0000099	B1H	FlyFactorSurvey	B1H	21097781	July 2012	SimilarityRegression	0	Ensembl	http://www.ensembl.org/	Q5XKR4	None
M06215_2.00_ap_Drosophila_melanogaster	M06215_2.00	Homo_sapiens	T209902_2.00	F223_2.00	TS12_2.00	MS19_2.00	ENSG00000171540	OTP	I	Homeodomain	Homeobox	1	0.598692764790911	ap_FlyReg_FBgn0000099	B1H	FlyFactorSurvey	B1H	21097781	July 2012	SimilarityRegression	0	Ensembl	http://www.ensembl.org/	Q5XKR4	None
M06216_2.00_ap_Drosophila_melanogaster	M06216_2.00	Homo_sapiens	T209902_2.00	F223_2.00	TS12_2.00	MS19_2.00	ENSG00000171540	OTP	I	Homeodomain	Homeobox	1	0.598692764790911	Ap_SOLEXA_FBgn0000099	B1H	FlyFactorSurvey	B1H	21097781	July 2012	SimilarityRegression	0	Ensembl	http://www.ensembl.org/	Q5XKR4	None
M06226_2.00_Dfd_Drosophila_melanogaster	M06226_2.00	Homo_sapiens	T209902_2.00	F223_2.00	TS12_2.00	MS19_2.00	ENSG00000171540	OTP	I	Homeodomain	Homeobox	1	0.598692764790911	Dfd_Cell_FBgn0000439	B1H	FlyFactorSurvey	B1H	21097781	July 2012	SimilarityRegression	0	Ensembl	http://www.ensembl.org/	Q5XKR4	None
M06227_2.00_Dfd_Drosophila_melanogaster	M06227_2.00	Homo_sapiens	T209902_2.00	F223_2.00	TS12_2.00	MS19_2.00	ENSG00000171540	OTP	I	Homeodomain	Homeobox	1	0.598692764790911	Dfd_FlyReg_FBgn0000439	B1H	FlyFactorSurvey	B1H	21097781	July 2012	SimilarityRegression	0	Ensembl	http://www.ensembl.org/	Q5XKR4	None
M06228_2.00_Dfd_Drosophila_melanogaster	M06228_2.00	Homo_sapiens	T209902_2.00	F223_2.00	TS12_2.00	MS19_2.00	ENSG00000171540	OTP	I	Homeodomain	Homeobox	1	0.598692764790911	Dfd_SOLEXA_FBgn0000439	B1H	FlyFactorSurvey	B1H	21097781	July 2012	SimilarityRegression	0	Ensembl	http://www.ensembl.org/	Q5XKR4	None
M06229_2.00_Dr_Drosophila_melanogaster	M06229_2.00	Homo_sapiens	T209902_2.00	F223_2.00	TS12_2.00	MS19_2.00	ENSG00000171540	OTP	I	Homeodomain	Homeobox	1	0.598692764790911	Dr_Cell_FBgn0000492	B1H	FlyFactorSurvey	B1H	21097781	July 2012	SimilarityRegression	0	Ensembl	http://www.ensembl.org/	Q5XKR4	None
M06230_2.00_Dr_Drosophila_melanogaster	M06230_2.00	Homo_sapiens	T209902_2.00	F223_2.00	TS12_2.00	MS19_2.00	ENSG00000171540	OTP	I	Homeodomain	Homeobox	1	0.598692764790911	Dr_SOLEXA_FBgn0000492	B1H	FlyFactorSurvey	B1H	21097781	July 2012	SimilarityRegression	0	Ensembl	http://www.ensembl.org/	Q5XKR4	None
M06233_2.00_ems_Drosophila_melanogaster	M06233_2.00	Homo_sapiens	T209902_2.00	F223_2.00	TS12_2.00	MS19_2.00	ENSG00000171540	OTP	I	Homeodomain	Homeobox	1	0.598692764790911	Ems_Cell_FBgn0000576	B1H	FlyFactorSurvey	B1H	21097781	July 2012	SimilarityRegression	0	Ensembl	http://www.ensembl.org/	Q5XKR4	None
M06234_2.00_ems_Drosophila_melanogaster	M06234_2.00	Homo_sapiens	T209902_2.00	F223_2.00	TS12_2.00	MS19_2.00	ENSG00000171540	OTP	I	Homeodomain	Homeobox	1	0.598692764790911	ems_FlyReg_FBgn0000576	B1H	FlyFactorSurvey	B1H	21097781	July 2012	SimilarityRegression	0	Ensembl	http://www.ensembl.org/	Q5XKR4	None
M06235_2.00_ems_Drosophila_melanogaster	M06235_2.00	Homo_sapiens	T209902_2.00	F223_2.00	TS12_2.00	MS19_2.00	ENSG00000171540	OTP	I	Homeodomain	Homeobox	1	0.598692764790911	Ems_SOLEXA_FBgn0000576	B1H	FlyFactorSurvey	B1H	21097781	July 2012	SimilarityRegression	0	Ensembl	http://www.ensembl.org/	Q5XKR4	None
M06236_2.00_en_Drosophila_melanogaster	M06236_2.00	Homo_sapiens	T209902_2.00	F223_2.00	TS12_2.00	MS19_2.00	ENSG00000171540	OTP	I	Homeodomain	Homeobox	1	0.598692764790911	En_Cell_FBgn0000577	B1H	FlyFactorSurvey	B1H	21097781	July 2012	SimilarityRegression	0	Ensembl	http://www.ensembl.org/	Q5XKR4	None
M06237_2.00_en_Drosophila_melanogaster	M06237_2.00	Homo_sapiens	T209902_2.00	F223_2.00	TS12_2.00	MS19_2.00	ENSG00000171540	OTP	I	Homeodomain	Homeobox	1	0.598692764790911	en_FlyReg_FBgn0000577	B1H	FlyFactorSurvey	B1H	21097781	July 2012	SimilarityRegression	0	Ensembl	http://www.ensembl.org/	Q5XKR4	None
M06238_2.00_en_Drosophila_melanogaster	M06238_2.00	Homo_sapiens	T209902_2.00	F223_2.00	TS12_2.00	MS19_2.00	ENSG00000171540	OTP	I	Homeodomain	Homeobox	1	0.598692764790911	en_SOLEXA_2_FBgn0000577	B1H	FlyFactorSurvey	B1H	21097781	July 2012	SimilarityRegression	0	Ensembl	http://www.ensembl.org/	Q5XKR4	None
M06239_2.00_en_Drosophila_melanogaster	M06239_2.00	Homo_sapiens	T209902_2.00	F223_2.00	TS12_2.00	MS19_2.00	ENSG00000171540	OTP	I	Homeodomain	Homeobox	1	0.598692764790911	En_SOLEXA_FBgn0000577	B1H	FlyFactorSurvey	B1H	21097781	July 2012	SimilarityRegression	0	Ensembl	http://www.ensembl.org/	Q5XKR4	None
M06240_2.00_eve_Drosophila_melanogaster	M06240_2.00	Homo_sapiens	T209902_2.00	F223_2.00	TS12_2.00	MS19_2.00	ENSG00000171540	OTP	I	Homeodomain	Homeobox	1	0.598692764790911	Eve_Cell_FBgn0000606	B1H	FlyFactorSurvey	B1H	21097781	July 2012	SimilarityRegression	0	Ensembl	http://www.ensembl.org/	Q5XKR4	None
M06241_2.00_eve_Drosophila_melanogaster	M06241_2.00	Homo_sapiens	T209902_2.00	F223_2.00	TS12_2.00	MS19_2.00	ENSG00000171540	OTP	I	Homeodomain	Homeobox	1	0.598692764790911	eve_FlyReg_FBgn0000606	B1H	FlyFactorSurvey	B1H	21097781	July 2012	SimilarityRegression	0	Ensembl	http://www.ensembl.org/	Q5XKR4	None
M06242_2.00_eve_Drosophila_melanogaster	M06242_2.00	Homo_sapiens	T209902_2.00	F223_2.00	TS12_2.00	MS19_2.00	ENSG00000171540	OTP	I	Homeodomain	Homeobox	1	0.598692764790911	Eve_SOLEXA_FBgn0000606	B1H	FlyFactorSurvey	B1H	21097781	July 2012	SimilarityRegression	0	Ensembl	http://www.ensembl.org/	Q5XKR4	None
M06255_2.00_inv_Drosophila_melanogaster	M06255_2.00	Homo_sapiens	T209902_2.00	F223_2.00	TS12_2.00	MS19_2.00	ENSG00000171540	OTP	I	Homeodomain	Homeobox	1	0.598692764790911	Inv_Cell_FBgn0001269	B1H	FlyFactorSurvey	B1H	21097781	July 2012	SimilarityRegression	0	Ensembl	http://www.ensembl.org/	Q5XKR4	None
M06256_2.00_inv_Drosophila_melanogaster	M06256_2.00	Homo_sapiens	T209902_2.00	F223_2.00	TS12_2.00	MS19_2.00	ENSG00000171540	OTP	I	Homeodomain	Homeobox	1	0.598692764790911	inv_SOLEXA_2_FBgn0001269	B1H	FlyFactorSurvey	B1H	21097781	July 2012	SimilarityRegression	0	Ensembl	http://www.ensembl.org/	Q5XKR4	None
M06257_2.00_inv_Drosophila_melanogaster	M06257_2.00	Homo_sapiens	T209902_2.00	F223_2.00	TS12_2.00	MS19_2.00	ENSG00000171540	OTP	I	Homeodomain	Homeobox	1	0.598692764790911	inv_SOLEXA_5_FBgn0001269	B1H	FlyFactorSurvey	B1H	21097781	July 2012	SimilarityRegression	0	Ensembl	http://www.ensembl.org/	Q5XKR4	None
M06258_2.00_Lim3_Drosophila_melanogaster	M06258_2.00	Homo_sapiens	T209902_2.00	F223_2.00	TS12_2.00	MS19_2.00	ENSG00000171540	OTP	I	Homeodomain	Homeobox	1	0.598692764790911	Lim3_Cell_FBgn0002023	B1H	FlyFactorSurvey	B1H	21097781	July 2012	SimilarityRegression	0	Ensembl	http://www.ensembl.org/	Q5XKR4	None
M06259_2.00_Lim3_Drosophila_melanogaster	M06259_2.00	Homo_sapiens	T209902_2.00	F223_2.00	TS12_2.00	MS19_2.00	ENSG00000171540	OTP	I	Homeodomain	Homeobox	1	0.598692764790911	Lim3_SOLEXA_FBgn0002023	B1H	FlyFactorSurvey	B1H	21097781	July 2012	SimilarityRegression	0	Ensembl	http://www.ensembl.org/	Q5XKR4	None
M06262_2.00_slou_Drosophila_melanogaster	M06262_2.00	Homo_sapiens	T209902_2.00	F223_2.00	TS12_2.00	MS19_2.00	ENSG00000171540	OTP	I	Homeodomain	Homeobox	1	0.598692764790911	Slou_Cell_FBgn0002941	B1H	FlyFactorSurvey	B1H	21097781	July 2012	SimilarityRegression	0	Ensembl	http://www.ensembl.org/	Q5XKR4	None
M06263_2.00_slou_Drosophila_melanogaster	M06263_2.00	Homo_sapiens	T209902_2.00	F223_2.00	TS12_2.00	MS19_2.00	ENSG00000171540	OTP	I	Homeodomain	Homeobox	1	0.598692764790911	Slou_SOLEXA_FBgn0002941	B1H	FlyFactorSurvey	B1H	21097781	July 2012	SimilarityRegression	0	Ensembl	http://www.ensembl.org/	Q5XKR4	None
M06264_2.00_ro_Drosophila_melanogaster	M06264_2.00	Homo_sapiens	T209902_2.00	F223_2.00	TS12_2.00	MS19_2.00	ENSG00000171540	OTP	I	Homeodomain	Homeobox	1	0.598692764790911	Ro_Cell_FBgn0003267	B1H	FlyFactorSurvey	B1H	21097781	July 2012	SimilarityRegression	0	Ensembl	http://www.ensembl.org/	Q5XKR4	None
M06265_2.00_ro_Drosophila_melanogaster	M06265_2.00	Homo_sapiens	T209902_2.00	F223_2.00	TS12_2.00	MS19_2.00	ENSG00000171540	OTP	I	Homeodomain	Homeobox	1	0.598692764790911	Ro_SOLEXA_FBgn0003267	B1H	FlyFactorSurvey	B1H	21097781	July 2012	SimilarityRegression	0	Ensembl	http://www.ensembl.org/	Q5XKR4	None
M06266_2.00_Scr_Drosophila_melanogaster	M06266_2.00	Homo_sapiens	T209902_2.00	F223_2.00	TS12_2.00	MS19_2.00	ENSG00000171540	OTP	I	Homeodomain	Homeobox	1	0.598692764790911	Scr_Cell_FBgn0003339	B1H	FlyFactorSurvey	B1H	21097781	July 2012	SimilarityRegression	0	Ensembl	http://www.ensembl.org/	Q5XKR4	None
M06267_2.00_Scr_Drosophila_melanogaster	M06267_2.00	Homo_sapiens	T209902_2.00	F223_2.00	TS12_2.00	MS19_2.00	ENSG00000171540	OTP	I	Homeodomain	Homeobox	1	0.598692764790911	Scr_SOLEXA_FBgn0003339	B1H	FlyFactorSurvey	B1H	21097781	July 2012	SimilarityRegression	0	Ensembl	http://www.ensembl.org/	Q5XKR4	None
M06276_2.00_zen_Drosophila_melanogaster	M06276_2.00	Homo_sapiens	T209902_2.00	F223_2.00	TS12_2.00	MS19_2.00	ENSG00000171540	OTP	I	Homeodomain	Homeobox	1	0.598692764790911	Zen_Cell_FBgn0004053	B1H	FlyFactorSurvey	B1H	21097781	July 2012	SimilarityRegression	0	Ensembl	http://www.ensembl.org/	Q5XKR4	None
M06277_2.00_zen_Drosophila_melanogaster	M06277_2.00	Homo_sapiens	T209902_2.00	F223_2.00	TS12_2.00	MS19_2.00	ENSG00000171540	OTP	I	Homeodomain	Homeobox	1	0.598692764790911	zen_FlyReg_FBgn0004053	B1H	FlyFactorSurvey	B1H	21097781	July 2012	SimilarityRegression	0	Ensembl	http://www.ensembl.org/	Q5XKR4	None
M06278_2.00_zen_Drosophila_melanogaster	M06278_2.00	Homo_sapiens	T209902_2.00	F223_2.00	TS12_2.00	MS19_2.00	ENSG00000171540	OTP	I	Homeodomain	Homeobox	1	0.598692764790911	Zen_SOLEXA_FBgn0004053	B1H	FlyFactorSurvey	B1H	21097781	July 2012	SimilarityRegression	0	Ensembl	http://www.ensembl.org/	Q5XKR4	None
M06279_2.00_zen2_Drosophila_melanogaster	M06279_2.00	Homo_sapiens	T209902_2.00	F223_2.00	TS12_2.00	MS19_2.00	ENSG00000171540	OTP	I	Homeodomain	Homeobox	1	0.598692764790911	Zen2_Cell_FBgn0004054	B1H	FlyFactorSurvey	B1H	21097781	July 2012	SimilarityRegression	0	Ensembl	http://www.ensembl.org/	Q5XKR4	None
M06280_2.00_zen2_Drosophila_melanogaster	M06280_2.00	Homo_sapiens	T209902_2.00	F223_2.00	TS12_2.00	MS19_2.00	ENSG00000171540	OTP	I	Homeodomain	Homeobox	1	0.598692764790911	zen2_SOLEXA_2_FBgn0004054	B1H	FlyFactorSurvey	B1H	21097781	July 2012	SimilarityRegression	0	Ensembl	http://www.ensembl.org/	Q5XKR4	None
M06281_2.00_zen2_Drosophila_melanogaster	M06281_2.00	Homo_sapiens	T209902_2.00	F223_2.00	TS12_2.00	MS19_2.00	ENSG00000171540	OTP	I	Homeodomain	Homeobox	1	0.598692764790911	Zen2_SOLEXA_FBgn0004054	B1H	FlyFactorSurvey	B1H	21097781	July 2012	SimilarityRegression	0	Ensembl	http://www.ensembl.org/	Q5XKR4	None
M06291_2.00_hbn_Drosophila_melanogaster	M06291_2.00	Homo_sapiens	T209902_2.00	F223_2.00	TS12_2.00	MS19_2.00	ENSG00000171540	OTP	I	Homeodomain	Homeobox	1	0.598692764790911	Hbn_Cell_FBgn0008636	B1H	FlyFactorSurvey	B1H	21097781	July 2012	SimilarityRegression	0	Ensembl	http://www.ensembl.org/	Q5XKR4	None
M06292_2.00_hbn_Drosophila_melanogaster	M06292_2.00	Homo_sapiens	T209902_2.00	F223_2.00	TS12_2.00	MS19_2.00	ENSG00000171540	OTP	I	Homeodomain	Homeobox	1	0.598692764790911	Hbn_SOLEXA_FBgn0008636	B1H	FlyFactorSurvey	B1H	21097781	July 2012	SimilarityRegression	0	Ensembl	http://www.ensembl.org/	Q5XKR4	None
M06293_2.00_E5_Drosophila_melanogaster	M06293_2.00	Homo_sapiens	T209902_2.00	F223_2.00	TS12_2.00	MS19_2.00	ENSG00000171540	OTP	I	Homeodomain	Homeobox	1	0.598692764790911	E5_Cell_FBgn0008646	B1H	FlyFactorSurvey	B1H	21097781	July 2012	SimilarityRegression	0	Ensembl	http://www.ensembl.org/	Q5XKR4	None
M06294_2.00_E5_Drosophila_melanogaster	M06294_2.00	Homo_sapiens	T209902_2.00	F223_2.00	TS12_2.00	MS19_2.00	ENSG00000171540	OTP	I	Homeodomain	Homeobox	1	0.598692764790911	E5_SOLEXA_FBgn0008646	B1H	FlyFactorSurvey	B1H	21097781	July 2012	SimilarityRegression	0	Ensembl	http://www.ensembl.org/	Q5XKR4	None
M06301_2.00_repo_Drosophila_melanogaster	M06301_2.00	Homo_sapiens	T209902_2.00	F223_2.00	TS12_2.00	MS19_2.00	ENSG00000171540	OTP	I	Homeodomain	Homeobox	1	0.598692764790911	Repo_Cell_FBgn0011701	B1H	FlyFactorSurvey	B1H	21097781	July 2012	SimilarityRegression	0	Ensembl	http://www.ensembl.org/	Q5XKR4	None
M06302_2.00_repo_Drosophila_melanogaster	M06302_2.00	Homo_sapiens	T209902_2.00	F223_2.00	TS12_2.00	MS19_2.00	ENSG00000171540	OTP	I	Homeodomain	Homeobox	1	0.598692764790911	Repo_SOLEXA_FBgn0011701	B1H	FlyFactorSurvey	B1H	21097781	July 2012	SimilarityRegression	0	Ensembl	http://www.ensembl.org/	Q5XKR4	None
M06303_2.00_Awh_Drosophila_melanogaster	M06303_2.00	Homo_sapiens	T209902_2.00	F223_2.00	TS12_2.00	MS19_2.00	ENSG00000171540	OTP	I	Homeodomain	Homeobox	1	0.598692764790911	Awh_Cell_FBgn0013751	B1H	FlyFactorSurvey	B1H	21097781	July 2012	SimilarityRegression	0	Ensembl	http://www.ensembl.org/	Q5XKR4	None
M06304_2.00_Awh_Drosophila_melanogaster	M06304_2.00	Homo_sapiens	T209902_2.00	F223_2.00	TS12_2.00	MS19_2.00	ENSG00000171540	OTP	I	Homeodomain	Homeobox	1	0.598692764790911	Awh_SOLEXA_FBgn0013751	B1H	FlyFactorSurvey	B1H	21097781	July 2012	SimilarityRegression	0	Ensembl	http://www.ensembl.org/	Q5XKR4	None
M06309_2.00_otp_Drosophila_melanogaster	M06309_2.00	Homo_sapiens	T209902_2.00	F223_2.00	TS12_2.00	MS19_2.00	ENSG00000171540	OTP	I	Homeodomain	Homeobox	1	0.598692764790911	Otp_Cell_FBgn0015524	B1H	FlyFactorSurvey	B1H	21097781	July 2012	SimilarityRegression	0	Ensembl	http://www.ensembl.org/	Q5XKR4	None
M06310_2.00_otp_Drosophila_melanogaster	M06310_2.00	Homo_sapiens	T209902_2.00	F223_2.00	TS12_2.00	MS19_2.00	ENSG00000171540	OTP	I	Homeodomain	Homeobox	1	0.598692764790911	Otp_SOLEXA_FBgn0015524	B1H	FlyFactorSurvey	B1H	21097781	July 2012	SimilarityRegression	0	Ensembl	http://www.ensembl.org/	Q5XKR4	None
M06311_2.00_unpg_Drosophila_melanogaster	M06311_2.00	Homo_sapiens	T209902_2.00	F223_2.00	TS12_2.00	MS19_2.00	ENSG00000171540	OTP	I	Homeodomain	Homeobox	1	0.598692764790911	Unpg_Cell_FBgn0015561	B1H	FlyFactorSurvey	B1H	21097781	July 2012	SimilarityRegression	0	Ensembl	http://www.ensembl.org/	Q5XKR4	None
M06312_2.00_unpg_Drosophila_melanogaster	M06312_2.00	Homo_sapiens	T209902_2.00	F223_2.00	TS12_2.00	MS19_2.00	ENSG00000171540	OTP	I	Homeodomain	Homeobox	1	0.598692764790911	Unpg_SOLEXA_FBgn0015561	B1H	FlyFactorSurvey	B1H	21097781	July 2012	SimilarityRegression	0	Ensembl	http://www.ensembl.org/	Q5XKR4	None
M06317_2.00_Rx_Drosophila_melanogaster	M06317_2.00	Homo_sapiens	T209902_2.00	F223_2.00	TS12_2.00	MS19_2.00	ENSG00000171540	OTP	I	Homeodomain	Homeobox	1	0.598692764790911	Rx_Cell_FBgn0020617	B1H	FlyFactorSurvey	B1H	21097781	July 2012	SimilarityRegression	0	Ensembl	http://www.ensembl.org/	Q5XKR4	None
M06318_2.00_Rx_Drosophila_melanogaster	M06318_2.00	Homo_sapiens	T209902_2.00	F223_2.00	TS12_2.00	MS19_2.00	ENSG00000171540	OTP	I	Homeodomain	Homeobox	1	0.598692764790911	Rx_SOLEXA_FBgn0020617	B1H	FlyFactorSurvey	B1H	21097781	July 2012	SimilarityRegression	0	Ensembl	http://www.ensembl.org/	Q5XKR4	None
M06321_2.00_Pph13_Drosophila_melanogaster	M06321_2.00	Homo_sapiens	T209902_2.00	F223_2.00	TS12_2.00	MS19_2.00	ENSG00000171540	OTP	I	Homeodomain	Homeobox	1	0.598692764790911	Pph13_Cell_FBgn0023489	B1H	FlyFactorSurvey	B1H	21097781	July 2012	SimilarityRegression	0	Ensembl	http://www.ensembl.org/	Q5XKR4	None
M06322_2.00_Pph13_Drosophila_melanogaster	M06322_2.00	Homo_sapiens	T209902_2.00	F223_2.00	TS12_2.00	MS19_2.00	ENSG00000171540	OTP	I	Homeodomain	Homeobox	1	0.598692764790911	Pph13_SOLEXA_FBgn0023489	B1H	FlyFactorSurvey	B1H	21097781	July 2012	SimilarityRegression	0	Ensembl	http://www.ensembl.org/	Q5XKR4	None
M06325_2.00_PHDP_Drosophila_melanogaster	M06325_2.00	Homo_sapiens	T209902_2.00	F223_2.00	TS12_2.00	MS19_2.00	ENSG00000171540	OTP	I	Homeodomain	Homeobox	1	0.598692764790911	PhdP_Cell_FBgn0025334	B1H	FlyFactorSurvey	B1H	21097781	July 2012	SimilarityRegression	0	Ensembl	http://www.ensembl.org/	Q5XKR4	None
M06326_2.00_PHDP_Drosophila_melanogaster	M06326_2.00	Homo_sapiens	T209902_2.00	F223_2.00	TS12_2.00	MS19_2.00	ENSG00000171540	OTP	I	Homeodomain	Homeobox	1	0.598692764790911	PhdP_SOLEXA_FBgn0025334	B1H	FlyFactorSurvey	B1H	21097781	July 2012	SimilarityRegression	0	Ensembl	http://www.ensembl.org/	Q5XKR4	None
M06329_2.00_ind_Drosophila_melanogaster	M06329_2.00	Homo_sapiens	T209902_2.00	F223_2.00	TS12_2.00	MS19_2.00	ENSG00000171540	OTP	I	Homeodomain	Homeobox	1	0.598692764790911	Ind_Cell_FBgn0025776	B1H	FlyFactorSurvey	B1H	21097781	July 2012	SimilarityRegression	0	Ensembl	http://www.ensembl.org/	Q5XKR4	None
M06330_2.00_OdsH_Drosophila_melanogaster	M06330_2.00	Homo_sapiens	T209902_2.00	F223_2.00	TS12_2.00	MS19_2.00	ENSG00000171540	OTP	I	Homeodomain	Homeobox	1	0.598692764790911	Odsh_Cell_FBgn0026058	B1H	FlyFactorSurvey	B1H	21097781	July 2012	SimilarityRegression	0	Ensembl	http://www.ensembl.org/	Q5XKR4	None
M06331_2.00_OdsH_Drosophila_melanogaster	M06331_2.00	Homo_sapiens	T209902_2.00	F223_2.00	TS12_2.00	MS19_2.00	ENSG00000171540	OTP	I	Homeodomain	Homeobox	1	0.598692764790911	Odsh_SOLEXA_FBgn0026058	B1H	FlyFactorSurvey	B1H	21097781	July 2012	SimilarityRegression	0	Ensembl	http://www.ensembl.org/	Q5XKR4	None
M06337_2.00_CG11294_Drosophila_melanogaster	M06337_2.00	Homo_sapiens	T209902_2.00	F223_2.00	TS12_2.00	MS19_2.00	ENSG00000171540	OTP	I	Homeodomain	Homeobox	1	0.598692764790911	CG11294_Cell_FBgn0030058	B1H	FlyFactorSurvey	B1H	21097781	July 2012	SimilarityRegression	0	Ensembl	http://www.ensembl.org/	Q5XKR4	None
M06338_2.00_CG11294_Drosophila_melanogaster	M06338_2.00	Homo_sapiens	T209902_2.00	F223_2.00	TS12_2.00	MS19_2.00	ENSG00000171540	OTP	I	Homeodomain	Homeobox	1	0.598692764790911	CG11294_SOLEXA_FBgn0030058	B1H	FlyFactorSurvey	B1H	21097781	July 2012	SimilarityRegression	0	Ensembl	http://www.ensembl.org/	Q5XKR4	None
M06339_2.00_CG11085_Drosophila_melanogaster	M06339_2.00	Homo_sapiens	T209902_2.00	F223_2.00	TS12_2.00	MS19_2.00	ENSG00000171540	OTP	I	Homeodomain	Homeobox	1	0.598692764790911	CG11085_Cell_FBgn0030408	B1H	FlyFactorSurvey	B1H	21097781	July 2012	SimilarityRegression	0	Ensembl	http://www.ensembl.org/	Q5XKR4	None
M06340_2.00_CG11085_Drosophila_melanogaster	M06340_2.00	Homo_sapiens	T209902_2.00	F223_2.00	TS12_2.00	MS19_2.00	ENSG00000171540	OTP	I	Homeodomain	Homeobox	1	0.598692764790911	CG11085_SOLEXA_FBgn0030408	B1H	FlyFactorSurvey	B1H	21097781	July 2012	SimilarityRegression	0	Ensembl	http://www.ensembl.org/	Q5XKR4	None
M06347_2.00_lms_Drosophila_melanogaster	M06347_2.00	Homo_sapiens	T209902_2.00	F223_2.00	TS12_2.00	MS19_2.00	ENSG00000171540	OTP	I	Homeodomain	Homeobox	1	0.598692764790911	CG13424_Cell_FBgn0034520	B1H	FlyFactorSurvey	B1H	21097781	July 2012	SimilarityRegression	0	Ensembl	http://www.ensembl.org/	Q5XKR4	None
M06348_2.00_lms_Drosophila_melanogaster	M06348_2.00	Homo_sapiens	T209902_2.00	F223_2.00	TS12_2.00	MS19_2.00	ENSG00000171540	OTP	I	Homeodomain	Homeobox	1	0.598692764790911	CG13424_SOLEXA_2_FBgn0034520	B1H	FlyFactorSurvey	B1H	21097781	July 2012	SimilarityRegression	0	Ensembl	http://www.ensembl.org/	Q5XKR4	None
M06349_2.00_lms_Drosophila_melanogaster	M06349_2.00	Homo_sapiens	T209902_2.00	F223_2.00	TS12_2.00	MS19_2.00	ENSG00000171540	OTP	I	Homeodomain	Homeobox	1	0.598692764790911	CG13424_SOLEXA_FBgn0034520	B1H	FlyFactorSurvey	B1H	21097781	July 2012	SimilarityRegression	0	Ensembl	http://www.ensembl.org/	Q5XKR4	None
M06350_2.00_CG9876_Drosophila_melanogaster	M06350_2.00	Homo_sapiens	T209902_2.00	F223_2.00	TS12_2.00	MS19_2.00	ENSG00000171540	OTP	I	Homeodomain	Homeobox	1	0.598692764790911	CG9876_Cell_FBgn0034821	B1H	FlyFactorSurvey	B1H	21097781	July 2012	SimilarityRegression	0	Ensembl	http://www.ensembl.org/	Q5XKR4	None
M06351_2.00_CG9876_Drosophila_melanogaster	M06351_2.00	Homo_sapiens	T209902_2.00	F223_2.00	TS12_2.00	MS19_2.00	ENSG00000171540	OTP	I	Homeodomain	Homeobox	1	0.598692764790911	CG9876_SOLEXA_FBgn0034821	B1H	FlyFactorSurvey	B1H	21097781	July 2012	SimilarityRegression	0	Ensembl	http://www.ensembl.org/	Q5XKR4	None
M06352_2.00_CG4328_Drosophila_melanogaster	M06352_2.00	Homo_sapiens	T209902_2.00	F223_2.00	TS12_2.00	MS19_2.00	ENSG00000171540	OTP	I	Homeodomain	Homeobox	1	0.598692764790911	CG4328_Cell_FBgn0036274	B1H	FlyFactorSurvey	B1H	21097781	July 2012	SimilarityRegression	0	Ensembl	http://www.ensembl.org/	Q5XKR4	None
M06353_2.00_CG4328_Drosophila_melanogaster	M06353_2.00	Homo_sapiens	T209902_2.00	F223_2.00	TS12_2.00	MS19_2.00	ENSG00000171540	OTP	I	Homeodomain	Homeobox	1	0.598692764790911	CG4328_SOLEXA_FBgn0036274	B1H	FlyFactorSurvey	B1H	21097781	July 2012	SimilarityRegression	0	Ensembl	http://www.ensembl.org/	Q5XKR4	None
M06354_2.00_CG18599_Drosophila_melanogaster	M06354_2.00	Homo_sapiens	T209902_2.00	F223_2.00	TS12_2.00	MS19_2.00	ENSG00000171540	OTP	I	Homeodomain	Homeobox	1	0.598692764790911	CG18599_Cell_FBgn0038592	B1H	FlyFactorSurvey	B1H	21097781	July 2012	SimilarityRegression	0	Ensembl	http://www.ensembl.org/	Q5XKR4	None
M06355_2.00_CG18599_Drosophila_melanogaster	M06355_2.00	Homo_sapiens	T209902_2.00	F223_2.00	TS12_2.00	MS19_2.00	ENSG00000171540	OTP	I	Homeodomain	Homeobox	1	0.598692764790911	CG18599_SOLEXA_FBgn0038592	B1H	FlyFactorSurvey	B1H	21097781	July 2012	SimilarityRegression	0	Ensembl	http://www.ensembl.org/	Q5XKR4	None
M06364_2.00_exex_Drosophila_melanogaster	M06364_2.00	Homo_sapiens	T209902_2.00	F223_2.00	TS12_2.00	MS19_2.00	ENSG00000171540	OTP	I	Homeodomain	Homeobox	1	0.598692764790911	Exex_Cell_FBgn0041156	B1H	FlyFactorSurvey	B1H	21097781	July 2012	SimilarityRegression	0	Ensembl	http://www.ensembl.org/	Q5XKR4	None
M06365_2.00_exex_Drosophila_melanogaster	M06365_2.00	Homo_sapiens	T209902_2.00	F223_2.00	TS12_2.00	MS19_2.00	ENSG00000171540	OTP	I	Homeodomain	Homeobox	1	0.598692764790911	Exex_SOLEXA_FBgn0041156	B1H	FlyFactorSurvey	B1H	21097781	July 2012	SimilarityRegression	0	Ensembl	http://www.ensembl.org/	Q5XKR4	None
M06366_2.00_pb_Drosophila_melanogaster	M06366_2.00	Homo_sapiens	T209902_2.00	F223_2.00	TS12_2.00	MS19_2.00	ENSG00000171540	OTP	I	Homeodomain	Homeobox	1	0.598692764790911	Pb_Cell_FBgn0051481	B1H	FlyFactorSurvey	B1H	21097781	July 2012	SimilarityRegression	0	Ensembl	http://www.ensembl.org/	Q5XKR4	None
M06367_2.00_pb_Drosophila_melanogaster	M06367_2.00	Homo_sapiens	T209902_2.00	F223_2.00	TS12_2.00	MS19_2.00	ENSG00000171540	OTP	I	Homeodomain	Homeobox	1	0.598692764790911	Pb_SOLEXA_FBgn0051481	B1H	FlyFactorSurvey	B1H	21097781	July 2012	SimilarityRegression	0	Ensembl	http://www.ensembl.org/	Q5XKR4	None
M06368_2.00_CG32105_Drosophila_melanogaster	M06368_2.00	Homo_sapiens	T209902_2.00	F223_2.00	TS12_2.00	MS19_2.00	ENSG00000171540	OTP	I	Homeodomain	Homeobox	1	0.598692764790911	CG32105_Cell_FBgn0052105	B1H	FlyFactorSurvey	B1H	21097781	July 2012	SimilarityRegression	0	Ensembl	http://www.ensembl.org/	Q5XKR4	None
M06369_2.00_CG32105_Drosophila_melanogaster	M06369_2.00	Homo_sapiens	T209902_2.00	F223_2.00	TS12_2.00	MS19_2.00	ENSG00000171540	OTP	I	Homeodomain	Homeobox	1	0.598692764790911	CG32105_SOLEXA_FBgn0052105	B1H	FlyFactorSurvey	B1H	21097781	July 2012	SimilarityRegression	0	Ensembl	http://www.ensembl.org/	Q5XKR4	None
M06370_2.00_CG32532_Drosophila_melanogaster	M06370_2.00	Homo_sapiens	T209902_2.00	F223_2.00	TS12_2.00	MS19_2.00	ENSG00000171540	OTP	I	Homeodomain	Homeobox	1	0.598692764790911	CG32532_Cell_FBgn0052532	B1H	FlyFactorSurvey	B1H	21097781	July 2012	SimilarityRegression	0	Ensembl	http://www.ensembl.org/	Q5XKR4	None
M06371_2.00_CG32532_Drosophila_melanogaster	M06371_2.00	Homo_sapiens	T209902_2.00	F223_2.00	TS12_2.00	MS19_2.00	ENSG00000171540	OTP	I	Homeodomain	Homeobox	1	0.598692764790911	CG32532_SOLEXA_FBgn0052532	B1H	FlyFactorSurvey	B1H	21097781	July 2012	SimilarityRegression	0	Ensembl	http://www.ensembl.org/	Q5XKR4	None
M06380_2.00_Vsx1_Drosophila_melanogaster	M06380_2.00	Homo_sapiens	T209902_2.00	F223_2.00	TS12_2.00	MS19_2.00	ENSG00000171540	OTP	I	Homeodomain	Homeobox	1	0.598692764790911	CG4136_Cell_FBgn0029775	B1H	FlyFactorSurvey	B1H	21097781	July 2012	SimilarityRegression	0	Ensembl	http://www.ensembl.org/	Q5XKR4	None
M06381_2.00_Vsx1_Drosophila_melanogaster	M06381_2.00	Homo_sapiens	T209902_2.00	F223_2.00	TS12_2.00	MS19_2.00	ENSG00000171540	OTP	I	Homeodomain	Homeobox	1	0.598692764790911	CG4136_SOLEXA_FBgn0029775	B1H	FlyFactorSurvey	B1H	21097781	July 2012	SimilarityRegression	0	Ensembl	http://www.ensembl.org/	Q5XKR4	None
M06382_2.00_Vsx2_Drosophila_melanogaster	M06382_2.00	Homo_sapiens	T209902_2.00	F223_2.00	TS12_2.00	MS19_2.00	ENSG00000171540	OTP	I	Homeodomain	Homeobox	1	0.598692764790911	CG33980_Cell_FBgn0053980	B1H	FlyFactorSurvey	B1H	21097781	July 2012	SimilarityRegression	0	Ensembl	http://www.ensembl.org/	Q5XKR4	None
M06383_2.00_Vsx2_Drosophila_melanogaster	M06383_2.00	Homo_sapiens	T209902_2.00	F223_2.00	TS12_2.00	MS19_2.00	ENSG00000171540	OTP	I	Homeodomain	Homeobox	1	0.598692764790911	CG33980_SOLEXA_2_0_FBgn0053980	B1H	FlyFactorSurvey	B1H	21097781	July 2012	SimilarityRegression	0	Ensembl	http://www.ensembl.org/	Q5XKR4	None
M06384_2.00_Vsx2_Drosophila_melanogaster	M06384_2.00	Homo_sapiens	T209902_2.00	F223_2.00	TS12_2.00	MS19_2.00	ENSG00000171540	OTP	I	Homeodomain	Homeobox	1	0.598692764790911	CG33980_SOLEXA_2_10_FBgn0053980	B1H	FlyFactorSurvey	B1H	21097781	July 2012	SimilarityRegression	0	Ensembl	http://www.ensembl.org/	Q5XKR4	None
M06385_2.00_Vsx2_Drosophila_melanogaster	M06385_2.00	Homo_sapiens	T209902_2.00	F223_2.00	TS12_2.00	MS19_2.00	ENSG00000171540	OTP	I	Homeodomain	Homeobox	1	0.598692764790911	CG33980_SOLEXA_FBgn0053980	B1H	FlyFactorSurvey	B1H	21097781	July 2012	SimilarityRegression	0	Ensembl	http://www.ensembl.org/	Q5XKR4	None
M08211_2.00_lin.39_Caenorhabditis_elegans	M08211_2.00	Homo_sapiens	T209902_2.00	F223_2.00	TS12_2.00	MS42_2.00	ENSG00000171540	OTP	I	Homeodomain	Homeobox	1	0.598692764790911	Mw154	ChIP-seq	modENCODE	ChIP-seq	22080565	March 2016	SimilarityRegression	0	Ensembl	http://www.ensembl.org/	Q5XKR4	None
M08572_2.00_PHO2_Saccharomyces_cerevisiae	M08572_2.00	Homo_sapiens	T209902_2.00	F223_2.00	TS12_2.00	MS13_2.00	ENSG00000171540	OTP	I	Homeodomain	Homeobox	1	0.598692764790911	YDL106C_505	Misc	DeBoer11	Misc	22102575	June 2011	SimilarityRegression	0	Ensembl	http://www.ensembl.org/	Q5XKR4	None
M09562_2.00_Lhx2_Mus_musculus	M09562_2.00	Homo_sapiens	T209902_2.00	F223_2.00	TS12_2.00	MS28_2.00	ENSG00000171540	OTP	I	Homeodomain	Homeobox	1	0.598692764790911	HFSC-Lhx2_GSE48068	Misc	HOMER	Misc	20513432	January 2016	SimilarityRegression	0	Ensembl	http://www.ensembl.org/	Q5XKR4	None
M09564_2.00_Phox2a_Mus_musculus	M09564_2.00	Homo_sapiens	T209902_2.00	F223_2.00	TS12_2.00	MS28_2.00	ENSG00000171540	OTP	I	Homeodomain	Homeobox	1	0.598692764790911	Neuron-Phox2a_GSE31456	Misc	HOMER	Misc	20513432	January 2016	SimilarityRegression	0	Ensembl	http://www.ensembl.org/	Q5XKR4	None
M09566_2.00_Hoxa2_Mus_musculus	M09566_2.00	Homo_sapiens	T209902_2.00	F223_2.00	TS12_2.00	MS28_2.00	ENSG00000171540	OTP	I	Homeodomain	Homeobox	1	0.598692764790911	mES-Hoxa2_Donaldson_et_al.	Misc	HOMER	Misc	20513432	January 2016	SimilarityRegression	0	Ensembl	http://www.ensembl.org/	Q5XKR4	None
M09570_2.00_Lhx3_Mus_musculus	M09570_2.00	Homo_sapiens	T209902_2.00	F223_2.00	TS12_2.00	MS28_2.00	ENSG00000171540	OTP	I	Homeodomain	Homeobox	1	0.598692764790911	Neuron-Lhx3_GSE31456	Misc	HOMER	Misc	20513432	January 2016	SimilarityRegression	0	Ensembl	http://www.ensembl.org/	Q5XKR4	None
M09571_2.00_Pdx1_Mus_musculus	M09571_2.00	Homo_sapiens	T209902_2.00	F223_2.00	TS12_2.00	MS28_2.00	ENSG00000171540	OTP	I	Homeodomain	Homeobox	1	0.598692764790911	Islet-Pdx1_SRA008281	Misc	HOMER	Misc	20513432	January 2016	SimilarityRegression	0	Ensembl	http://www.ensembl.org/	Q5XKR4	None
M09576_2.00_Hoxb4_Mus_musculus	M09576_2.00	Homo_sapiens	T209902_2.00	F223_2.00	TS12_2.00	MS28_2.00	ENSG00000171540	OTP	I	Homeodomain	Homeobox	1	0.598692764790911	ES-Hoxb4_GSE34014	Misc	HOMER	Misc	20513432	January 2016	SimilarityRegression	0	Ensembl	http://www.ensembl.org/	Q5XKR4	None
M09582_2.00_lin.39_Caenorhabditis_elegans	M09582_2.00	Homo_sapiens	T209902_2.00	F223_2.00	TS12_2.00	MS28_2.00	ENSG00000171540	OTP	I	Homeodomain	Homeobox	1	0.598692764790911	cElegans.L3-LIN39_modEncode	Misc	HOMER	Misc	20513432	January 2016	SimilarityRegression	0	Ensembl	http://www.ensembl.org/	Q5XKR4	None
M09583_2.00_PHO2_Saccharomyces_cerevisiae	M09583_2.00	Homo_sapiens	T209902_2.00	F223_2.00	TS12_2.00	MS28_2.00	ENSG00000171540	OTP	I	Homeodomain	Homeobox	1	0.598692764790911	Yeast-Pho2_GSE29506	Misc	HOMER	Misc	20513432	January 2016	SimilarityRegression	0	Ensembl	http://www.ensembl.org/	Q5XKR4	None
M09675_2.00_Dfd_Drosophila_melanogaster	M09675_2.00	Homo_sapiens	T209902_2.00	F223_2.00	TS12_2.00	MS29_2.00	ENSG00000171540	OTP	I	Homeodomain	Homeobox	1	0.598692764790911	Dfd	Misc	iDMMPMM	Misc	20067172	January 2016	SimilarityRegression	0	Ensembl	http://www.ensembl.org/	Q5XKR4	None
M09676_2.00_ems_Drosophila_melanogaster	M09676_2.00	Homo_sapiens	T209902_2.00	F223_2.00	TS12_2.00	MS29_2.00	ENSG00000171540	OTP	I	Homeodomain	Homeobox	1	0.598692764790911	ems	Misc	iDMMPMM	Misc	20067172	January 2016	SimilarityRegression	0	Ensembl	http://www.ensembl.org/	Q5XKR4	None
M09677_2.00_en_Drosophila_melanogaster	M09677_2.00	Homo_sapiens	T209902_2.00	F223_2.00	TS12_2.00	MS29_2.00	ENSG00000171540	OTP	I	Homeodomain	Homeobox	1	0.598692764790911	en	Misc	iDMMPMM	Misc	20067172	January 2016	SimilarityRegression	0	Ensembl	http://www.ensembl.org/	Q5XKR4	None
M09678_2.00_eve_Drosophila_melanogaster	M09678_2.00	Homo_sapiens	T209902_2.00	F223_2.00	TS12_2.00	MS29_2.00	ENSG00000171540	OTP	I	Homeodomain	Homeobox	1	0.598692764790911	eve	Misc	iDMMPMM	Misc	20067172	January 2016	SimilarityRegression	0	Ensembl	http://www.ensembl.org/	Q5XKR4	None
M00056_2.00_PHO2_Saccharomyces_cerevisiae	M00056_2.00	Homo_sapiens	T209958_2.00	F223_2.00	TS12_2.00	MS01_2.00	ENSG00000274529	SEBOX	I	Homeodomain	Homeobox	1	0.598692764790911	PHO2_2074	PBM	Badis08	PBM	19111667	None	SimilarityRegression	0	Ensembl	http://www.ensembl.org/	Q9HB31	None
M00172_2.00_Hoxa3_Mus_musculus	M00172_2.00	Homo_sapiens	T209958_2.00	F223_2.00	TS12_2.00	MS02_2.00	ENSG00000274529	SEBOX	I	Homeodomain	Homeobox	1	0.598692764790911	Hoxa3_2783	PBM	Badis09	PBM	19443739	None	SimilarityRegression	0	Ensembl	http://www.ensembl.org/	Q9HB31	None
M00380_2.00_Lhx2_Mus_musculus	M00380_2.00	Homo_sapiens	T209958_2.00	F223_2.00	TS12_2.00	MS06_2.00	ENSG00000274529	SEBOX	I	Homeodomain	Homeobox	1	0.598692764790911	Lhx2_0953	PBM	Berger08	PBM	18585359	None	SimilarityRegression	0	Ensembl	http://www.ensembl.org/	Q9HB31	None
M00384_2.00_Meox1_Mus_musculus	M00384_2.00	Homo_sapiens	T209958_2.00	F223_2.00	TS12_2.00	MS06_2.00	ENSG00000274529	SEBOX	I	Homeodomain	Homeobox	1	0.598692764790911	Meox1_2310	PBM	Berger08	PBM	18585359	None	SimilarityRegression	0	Ensembl	http://www.ensembl.org/	Q9HB31	None
M00388_2.00_Mnx1_Mus_musculus	M00388_2.00	Homo_sapiens	T209958_2.00	F223_2.00	TS12_2.00	MS06_2.00	ENSG00000274529	SEBOX	I	Homeodomain	Homeobox	1	0.598692764790911	Hlxb9_3422	PBM	Berger08	PBM	18585359	None	SimilarityRegression	0	Ensembl	http://www.ensembl.org/	Q9HB31	None
M00398_2.00_Vax1_Mus_musculus	M00398_2.00	Homo_sapiens	T209958_2.00	F223_2.00	TS12_2.00	MS06_2.00	ENSG00000274529	SEBOX	I	Homeodomain	Homeobox	1	0.598692764790911	Vax1_3499	PBM	Berger08	PBM	18585359	None	SimilarityRegression	0	Ensembl	http://www.ensembl.org/	Q9HB31	None
M00400_2.00_Phox2a_Mus_musculus	M00400_2.00	Homo_sapiens	T209958_2.00	F223_2.00	TS12_2.00	MS06_2.00	ENSG00000274529	SEBOX	I	Homeodomain	Homeobox	1	0.598692764790911	Phox2a_3947	PBM	Berger08	PBM	18585359	None	SimilarityRegression	0	Ensembl	http://www.ensembl.org/	Q9HB31	None
M00401_2.00_Phox2b_Mus_musculus	M00401_2.00	Homo_sapiens	T209958_2.00	F223_2.00	TS12_2.00	MS06_2.00	ENSG00000274529	SEBOX	I	Homeodomain	Homeobox	1	0.598692764790911	Phox2b_3948	PBM	Berger08	PBM	18585359	None	SimilarityRegression	0	Ensembl	http://www.ensembl.org/	Q9HB31	None
M00402_2.00_Alx3_Mus_musculus	M00402_2.00	Homo_sapiens	T209958_2.00	F223_2.00	TS12_2.00	MS06_2.00	ENSG00000274529	SEBOX	I	Homeodomain	Homeobox	1	0.598692764790911	Alx3_3418	PBM	Berger08	PBM	18585359	None	SimilarityRegression	0	Ensembl	http://www.ensembl.org/	Q9HB31	None
M00403_2.00_Hoxa2_Mus_musculus	M00403_2.00	Homo_sapiens	T209958_2.00	F223_2.00	TS12_2.00	MS06_2.00	ENSG00000274529	SEBOX	I	Homeodomain	Homeobox	1	0.598692764790911	Hoxa2_3079	PBM	Berger08	PBM	18585359	None	SimilarityRegression	0	Ensembl	http://www.ensembl.org/	Q9HB31	None
M00405_2.00_Lhx1_Mus_musculus	M00405_2.00	Homo_sapiens	T209958_2.00	F223_2.00	TS12_2.00	MS06_2.00	ENSG00000274529	SEBOX	I	Homeodomain	Homeobox	1	0.598692764790911	Lhx1_2240	PBM	Berger08	PBM	18585359	None	SimilarityRegression	0	Ensembl	http://www.ensembl.org/	Q9HB31	None
M00406_2.00_Lhx9_Mus_musculus	M00406_2.00	Homo_sapiens	T209958_2.00	F223_2.00	TS12_2.00	MS06_2.00	ENSG00000274529	SEBOX	I	Homeodomain	Homeobox	1	0.598692764790911	Lhx9_3492	PBM	Berger08	PBM	18585359	None	SimilarityRegression	0	Ensembl	http://www.ensembl.org/	Q9HB31	None
M00413_2.00_Barx1_Mus_musculus	M00413_2.00	Homo_sapiens	T209958_2.00	F223_2.00	TS12_2.00	MS06_2.00	ENSG00000274529	SEBOX	I	Homeodomain	Homeobox	1	0.598692764790911	Barx1_2877	PBM	Berger08	PBM	18585359	None	SimilarityRegression	0	Ensembl	http://www.ensembl.org/	Q9HB31	None
M00414_2.00_Msx2_Mus_musculus	M00414_2.00	Homo_sapiens	T209958_2.00	F223_2.00	TS12_2.00	MS06_2.00	ENSG00000274529	SEBOX	I	Homeodomain	Homeobox	1	0.598692764790911	Msx2_3449	PBM	Berger08	PBM	18585359	None	SimilarityRegression	0	Ensembl	http://www.ensembl.org/	Q9HB31	None
M00417_2.00_Otp_Mus_musculus	M00417_2.00	Homo_sapiens	T209958_2.00	F223_2.00	TS12_2.00	MS06_2.00	ENSG00000274529	SEBOX	I	Homeodomain	Homeobox	1	0.598692764790911	Otp_3496	PBM	Berger08	PBM	18585359	None	SimilarityRegression	0	Ensembl	http://www.ensembl.org/	Q9HB31	None
M00424_2.00_Esx1_Mus_musculus	M00424_2.00	Homo_sapiens	T209958_2.00	F223_2.00	TS12_2.00	MS06_2.00	ENSG00000274529	SEBOX	I	Homeodomain	Homeobox	1	0.598692764790911	Esx1_3124	PBM	Berger08	PBM	18585359	None	SimilarityRegression	0	Ensembl	http://www.ensembl.org/	Q9HB31	None
M00426_2.00_Rax_Mus_musculus	M00426_2.00	Homo_sapiens	T209958_2.00	F223_2.00	TS12_2.00	MS06_2.00	ENSG00000274529	SEBOX	I	Homeodomain	Homeobox	1	0.598692764790911	Rax_3443	PBM	Berger08	PBM	18585359	None	SimilarityRegression	0	Ensembl	http://www.ensembl.org/	Q9HB31	None
M00429_2.00_Msx3_Mus_musculus	M00429_2.00	Homo_sapiens	T209958_2.00	F223_2.00	TS12_2.00	MS06_2.00	ENSG00000274529	SEBOX	I	Homeodomain	Homeobox	1	0.598692764790911	Msx3_3206	PBM	Berger08	PBM	18585359	None	SimilarityRegression	0	Ensembl	http://www.ensembl.org/	Q9HB31	None
M00430_2.00_Lhx4_Mus_musculus	M00430_2.00	Homo_sapiens	T209958_2.00	F223_2.00	TS12_2.00	MS06_2.00	ENSG00000274529	SEBOX	I	Homeodomain	Homeobox	1	0.598692764790911	Lhx4_1719	PBM	Berger08	PBM	18585359	None	SimilarityRegression	0	Ensembl	http://www.ensembl.org/	Q9HB31	None
M00431_2.00_Prrx1_Mus_musculus	M00431_2.00	Homo_sapiens	T209958_2.00	F223_2.00	TS12_2.00	MS06_2.00	ENSG00000274529	SEBOX	I	Homeodomain	Homeobox	1	0.598692764790911	Prrx1_3442	PBM	Berger08	PBM	18585359	None	SimilarityRegression	0	Ensembl	http://www.ensembl.org/	Q9HB31	None
M00432_2.00_Lmx1a_Mus_musculus	M00432_2.00	Homo_sapiens	T209958_2.00	F223_2.00	TS12_2.00	MS06_2.00	ENSG00000274529	SEBOX	I	Homeodomain	Homeobox	1	0.598692764790911	Lmx1a_2238	PBM	Berger08	PBM	18585359	None	SimilarityRegression	0	Ensembl	http://www.ensembl.org/	Q9HB31	None
M00434_2.00_Lhx6_Mus_musculus	M00434_2.00	Homo_sapiens	T209958_2.00	F223_2.00	TS12_2.00	MS06_2.00	ENSG00000274529	SEBOX	I	Homeodomain	Homeobox	1	0.598692764790911	Lhx6_2272	PBM	Berger08	PBM	18585359	None	SimilarityRegression	0	Ensembl	http://www.ensembl.org/	Q9HB31	None
M00435_2.00_Lhx3_Mus_musculus	M00435_2.00	Homo_sapiens	T209958_2.00	F223_2.00	TS12_2.00	MS06_2.00	ENSG00000274529	SEBOX	I	Homeodomain	Homeobox	1	0.598692764790911	Lhx3_3431	PBM	Berger08	PBM	18585359	None	SimilarityRegression	0	Ensembl	http://www.ensembl.org/	Q9HB31	None
M00439_2.00_Shox2_Mus_musculus	M00439_2.00	Homo_sapiens	T209958_2.00	F223_2.00	TS12_2.00	MS06_2.00	ENSG00000274529	SEBOX	I	Homeodomain	Homeobox	1	0.598692764790911	Shox2_2641	PBM	Berger08	PBM	18585359	None	SimilarityRegression	0	Ensembl	http://www.ensembl.org/	Q9HB31	None
M00442_2.00_Nkx1.1_Mus_musculus	M00442_2.00	Homo_sapiens	T209958_2.00	F223_2.00	TS12_2.00	MS06_2.00	ENSG00000274529	SEBOX	I	Homeodomain	Homeobox	1	0.598692764790911	Nkx1-1_3856	PBM	Berger08	PBM	18585359	None	SimilarityRegression	0	Ensembl	http://www.ensembl.org/	Q9HB31	None
M00443_2.00_Uncx_Mus_musculus	M00443_2.00	Homo_sapiens	T209958_2.00	F223_2.00	TS12_2.00	MS06_2.00	ENSG00000274529	SEBOX	I	Homeodomain	Homeobox	1	0.598692764790911	Uncx4	PBM	Berger08	PBM	18585359	None	SimilarityRegression	0	Ensembl	http://www.ensembl.org/	Q9HB31	None
M00445_2.00_Lhx5_Mus_musculus	M00445_2.00	Homo_sapiens	T209958_2.00	F223_2.00	TS12_2.00	MS06_2.00	ENSG00000274529	SEBOX	I	Homeodomain	Homeobox	1	0.598692764790911	Lhx5_2279	PBM	Berger08	PBM	18585359	None	SimilarityRegression	0	Ensembl	http://www.ensembl.org/	Q9HB31	None
M00446_2.00_Pdx1_Mus_musculus	M00446_2.00	Homo_sapiens	T209958_2.00	F223_2.00	TS12_2.00	MS06_2.00	ENSG00000274529	SEBOX	I	Homeodomain	Homeobox	1	0.598692764790911	Ipf1_3815	PBM	Berger08	PBM	18585359	None	SimilarityRegression	0	Ensembl	http://www.ensembl.org/	Q9HB31	None
M00448_2.00_Nobox_Mus_musculus	M00448_2.00	Homo_sapiens	T209958_2.00	F223_2.00	TS12_2.00	MS06_2.00	ENSG00000274529	SEBOX	I	Homeodomain	Homeobox	1	0.598692764790911	Og2x_3719	PBM	Berger08	PBM	18585359	None	SimilarityRegression	0	Ensembl	http://www.ensembl.org/	Q9HB31	None
M00452_2.00_Isx_Mus_musculus	M00452_2.00	Homo_sapiens	T209958_2.00	F223_2.00	TS12_2.00	MS06_2.00	ENSG00000274529	SEBOX	I	Homeodomain	Homeobox	1	0.598692764790911	Isx_3445	PBM	Berger08	PBM	18585359	None	SimilarityRegression	0	Ensembl	http://www.ensembl.org/	Q9HB31	None
M00457_2.00_Barx2_Mus_musculus	M00457_2.00	Homo_sapiens	T209958_2.00	F223_2.00	TS12_2.00	MS06_2.00	ENSG00000274529	SEBOX	I	Homeodomain	Homeobox	1	0.598692764790911	Barx2_3447	PBM	Berger08	PBM	18585359	None	SimilarityRegression	0	Ensembl	http://www.ensembl.org/	Q9HB31	None
M00459_2.00_Vsx1_Mus_musculus	M00459_2.00	Homo_sapiens	T209958_2.00	F223_2.00	TS12_2.00	MS06_2.00	ENSG00000274529	SEBOX	I	Homeodomain	Homeobox	1	0.598692764790911	Vsx1_1728	PBM	Berger08	PBM	18585359	None	SimilarityRegression	0	Ensembl	http://www.ensembl.org/	Q9HB31	None
M00462_2.00_Gbx2_Mus_musculus	M00462_2.00	Homo_sapiens	T209958_2.00	F223_2.00	TS12_2.00	MS06_2.00	ENSG00000274529	SEBOX	I	Homeodomain	Homeobox	1	0.598692764790911	Gbx2_3110	PBM	Berger08	PBM	18585359	None	SimilarityRegression	0	Ensembl	http://www.ensembl.org/	Q9HB31	None
M00464_2.00_Vax2_Mus_musculus	M00464_2.00	Homo_sapiens	T209958_2.00	F223_2.00	TS12_2.00	MS06_2.00	ENSG00000274529	SEBOX	I	Homeodomain	Homeobox	1	0.598692764790911	Vax2_3500	PBM	Berger08	PBM	18585359	None	SimilarityRegression	0	Ensembl	http://www.ensembl.org/	Q9HB31	None
M00467_2.00_Arx_Mus_musculus	M00467_2.00	Homo_sapiens	T209958_2.00	F223_2.00	TS12_2.00	MS06_2.00	ENSG00000274529	SEBOX	I	Homeodomain	Homeobox	1	0.598692764790911	Arx_1738	PBM	Berger08	PBM	18585359	None	SimilarityRegression	0	Ensembl	http://www.ensembl.org/	Q9HB31	None
M00469_2.00_Gsx2_Mus_musculus	M00469_2.00	Homo_sapiens	T209958_2.00	F223_2.00	TS12_2.00	MS06_2.00	ENSG00000274529	SEBOX	I	Homeodomain	Homeobox	1	0.598692764790911	Gsh2_3990	PBM	Berger08	PBM	18585359	None	SimilarityRegression	0	Ensembl	http://www.ensembl.org/	Q9HB31	None
M00471_2.00_Alx1_Mus_musculus	M00471_2.00	Homo_sapiens	T209958_2.00	F223_2.00	TS12_2.00	MS06_2.00	ENSG00000274529	SEBOX	I	Homeodomain	Homeobox	1	0.598692764790911	Cart1_0997	PBM	Berger08	PBM	18585359	None	SimilarityRegression	0	Ensembl	http://www.ensembl.org/	Q9HB31	None
M00472_2.00_Alx1_Mus_musculus	M00472_2.00	Homo_sapiens	T209958_2.00	F223_2.00	TS12_2.00	MS06_2.00	ENSG00000274529	SEBOX	I	Homeodomain	Homeobox	1	0.598692764790911	Cart1_1275	PBM	Berger08	PBM	18585359	None	SimilarityRegression	0	Ensembl	http://www.ensembl.org/	Q9HB31	None
M00482_2.00_Lmx1b_Mus_musculus	M00482_2.00	Homo_sapiens	T209958_2.00	F223_2.00	TS12_2.00	MS06_2.00	ENSG00000274529	SEBOX	I	Homeodomain	Homeobox	1	0.598692764790911	Lmx1b_3433	PBM	Berger08	PBM	18585359	None	SimilarityRegression	0	Ensembl	http://www.ensembl.org/	Q9HB31	None
M00484_2.00_En2_Mus_musculus	M00484_2.00	Homo_sapiens	T209958_2.00	F223_2.00	TS12_2.00	MS06_2.00	ENSG00000274529	SEBOX	I	Homeodomain	Homeobox	1	0.598692764790911	En2_0952	PBM	Berger08	PBM	18585359	None	SimilarityRegression	0	Ensembl	http://www.ensembl.org/	Q9HB31	None
M00486_2.00_Prrx2_Mus_musculus	M00486_2.00	Homo_sapiens	T209958_2.00	F223_2.00	TS12_2.00	MS06_2.00	ENSG00000274529	SEBOX	I	Homeodomain	Homeobox	1	0.598692764790911	Prrx2_3072	PBM	Berger08	PBM	18585359	None	SimilarityRegression	0	Ensembl	http://www.ensembl.org/	Q9HB31	None
M00487_2.00_Alx4_Mus_musculus	M00487_2.00	Homo_sapiens	T209958_2.00	F223_2.00	TS12_2.00	MS06_2.00	ENSG00000274529	SEBOX	I	Homeodomain	Homeobox	1	0.598692764790911	Alx4_1744	PBM	Berger08	PBM	18585359	None	SimilarityRegression	0	Ensembl	http://www.ensembl.org/	Q9HB31	None
M00495_2.00_Emx2_Mus_musculus	M00495_2.00	Homo_sapiens	T209958_2.00	F223_2.00	TS12_2.00	MS06_2.00	ENSG00000274529	SEBOX	I	Homeodomain	Homeobox	1	0.598692764790911	Emx2_3420	PBM	Berger08	PBM	18585359	None	SimilarityRegression	0	Ensembl	http://www.ensembl.org/	Q9HB31	None
M00498_2.00_Prop1_Mus_musculus	M00498_2.00	Homo_sapiens	T209958_2.00	F223_2.00	TS12_2.00	MS06_2.00	ENSG00000274529	SEBOX	I	Homeodomain	Homeobox	1	0.598692764790911	Prop1_3949	PBM	Berger08	PBM	18585359	None	SimilarityRegression	0	Ensembl	http://www.ensembl.org/	Q9HB31	None
M00501_2.00_Msx1_Mus_musculus	M00501_2.00	Homo_sapiens	T209958_2.00	F223_2.00	TS12_2.00	MS06_2.00	ENSG00000274529	SEBOX	I	Homeodomain	Homeobox	1	0.598692764790911	Msx1_3031	PBM	Berger08	PBM	18585359	None	SimilarityRegression	0	Ensembl	http://www.ensembl.org/	Q9HB31	None
M00503_2.00_Nkx1.2_Mus_musculus	M00503_2.00	Homo_sapiens	T209958_2.00	F223_2.00	TS12_2.00	MS06_2.00	ENSG00000274529	SEBOX	I	Homeodomain	Homeobox	1	0.598692764790911	Nkx1-2_3214	PBM	Berger08	PBM	18585359	None	SimilarityRegression	0	Ensembl	http://www.ensembl.org/	Q9HB31	None
M00504_2.00_Hoxb3_Mus_musculus	M00504_2.00	Homo_sapiens	T209958_2.00	F223_2.00	TS12_2.00	MS06_2.00	ENSG00000274529	SEBOX	I	Homeodomain	Homeobox	1	0.598692764790911	Hoxb3_1720	PBM	Berger08	PBM	18585359	None	SimilarityRegression	0	Ensembl	http://www.ensembl.org/	Q9HB31	None
M00516_2.00_Bsx_Mus_musculus	M00516_2.00	Homo_sapiens	T209958_2.00	F223_2.00	TS12_2.00	MS06_2.00	ENSG00000274529	SEBOX	I	Homeodomain	Homeobox	1	0.598692764790911	Bsx_3483	PBM	Berger08	PBM	18585359	None	SimilarityRegression	0	Ensembl	http://www.ensembl.org/	Q9HB31	None
M00519_2.00_En1_Mus_musculus	M00519_2.00	Homo_sapiens	T209958_2.00	F223_2.00	TS12_2.00	MS06_2.00	ENSG00000274529	SEBOX	I	Homeodomain	Homeobox	1	0.598692764790911	En1_3123	PBM	Berger08	PBM	18585359	None	SimilarityRegression	0	Ensembl	http://www.ensembl.org/	Q9HB31	None
M00525_2.00_Gbx1_Mus_musculus	M00525_2.00	Homo_sapiens	T209958_2.00	F223_2.00	TS12_2.00	MS06_2.00	ENSG00000274529	SEBOX	I	Homeodomain	Homeobox	1	0.598692764790911	Gbx1_2883	PBM	Berger08	PBM	18585359	None	SimilarityRegression	0	Ensembl	http://www.ensembl.org/	Q9HB31	None
M00531_2.00_Hoxd3_Mus_musculus	M00531_2.00	Homo_sapiens	T209958_2.00	F223_2.00	TS12_2.00	MS06_2.00	ENSG00000274529	SEBOX	I	Homeodomain	Homeobox	1	0.598692764790911	Hoxd3_1742	PBM	Berger08	PBM	18585359	None	SimilarityRegression	0	Ensembl	http://www.ensembl.org/	Q9HB31	None
M00532_2.00_Hoxa3_Mus_musculus	M00532_2.00	Homo_sapiens	T209958_2.00	F223_2.00	TS12_2.00	MS06_2.00	ENSG00000274529	SEBOX	I	Homeodomain	Homeobox	1	0.598692764790911	Hoxa3_2783	PBM	Berger08	PBM	18585359	None	SimilarityRegression	0	Ensembl	http://www.ensembl.org/	Q9HB31	None
M00534_2.00_Lhx8_Mus_musculus	M00534_2.00	Homo_sapiens	T209958_2.00	F223_2.00	TS12_2.00	MS06_2.00	ENSG00000274529	SEBOX	I	Homeodomain	Homeobox	1	0.598692764790911	Lhx8_2247	PBM	Berger08	PBM	18585359	None	SimilarityRegression	0	Ensembl	http://www.ensembl.org/	Q9HB31	None
M00539_2.00_Lhx6_CONSTRUCT_PBM_CONSTRUCTS	M00539_2.00	Homo_sapiens	T209958_2.00	F223_2.00	TS12_2.00	MS06_2.00	ENSG00000274529	SEBOX	I	Homeodomain	Homeobox	1	0.598692764790911	Lhx6_3432	PBM	Berger08	PBM	18585359	None	SimilarityRegression	0	Ensembl	http://www.ensembl.org/	Q9HB31	None
M00555_2.00_Dr_Drosophila_melanogaster	M00555_2.00	Homo_sapiens	T209958_2.00	F223_2.00	TS12_2.00	MS07_2.00	ENSG00000274529	SEBOX	I	Homeodomain	Homeobox	1	0.598692764790911	Msh	PBM	BusserDevelopment2012	PBM	22296846	None	SimilarityRegression	0	Ensembl	http://www.ensembl.org/	Q9HB31	None
M00556_2.00_eve_Drosophila_melanogaster	M00556_2.00	Homo_sapiens	T209958_2.00	F223_2.00	TS12_2.00	MS07_2.00	ENSG00000274529	SEBOX	I	Homeodomain	Homeobox	1	0.598692764790911	Eve	PBM	BusserDevelopment2012	PBM	22296846	None	SimilarityRegression	0	Ensembl	http://www.ensembl.org/	Q9HB31	None
M00557_2.00_slou_Drosophila_melanogaster	M00557_2.00	Homo_sapiens	T209958_2.00	F223_2.00	TS12_2.00	MS07_2.00	ENSG00000274529	SEBOX	I	Homeodomain	Homeobox	1	0.598692764790911	Slou	PBM	BusserDevelopment2012	PBM	22296846	None	SimilarityRegression	0	Ensembl	http://www.ensembl.org/	Q9HB31	None
M01551_2.00_PHO2_Saccharomyces_cerevisiae	M01551_2.00	Homo_sapiens	T209958_2.00	F223_2.00	TS12_2.00	MS63_2.00	ENSG00000274529	SEBOX	I	Homeodomain	Homeobox	1	0.598692764790911	Pho2	PBM	Zhu09	PBM	19158363	None	SimilarityRegression	0	Ensembl	http://www.ensembl.org/	Q9HB31	None
M01850_2.00_zfh.2_Caenorhabditis_elegans	M01850_2.00	Homo_sapiens	T209958_2.00	F223_2.00	TS12_2.00	MS64_2.00	ENSG00000274529	SEBOX	I	Homeodomain	Homeobox	1	0.598692764790911	pTH6132	PBM	Zoo_01	PBM	25215497	None	SimilarityRegression	0	Ensembl	http://www.ensembl.org/	Q9HB31	None
M02033_2.00_A1JVI6_MOUSE_Mus_musculus	M02033_2.00	Homo_sapiens	T209958_2.00	F223_2.00	TS12_2.00	MS64_2.00	ENSG00000274529	SEBOX	I	Homeodomain	Homeobox	1	0.598692764790911	pTH5986	PBM	Zoo_01	PBM	25215497	None	SimilarityRegression	0	Ensembl	http://www.ensembl.org/	Q9HB31	None
M02052_2.00_C4B866_NEMVE_Nematostella_vectensis	M02052_2.00	Homo_sapiens	T209958_2.00	F223_2.00	TS12_2.00	MS64_2.00	ENSG00000274529	SEBOX	I	Homeodomain	Homeobox	1	0.598692764790911	pTH6176	PBM	Zoo_01	PBM	25215497	None	SimilarityRegression	0	Ensembl	http://www.ensembl.org/	Q9HB31	None
M02063_2.00_CBG07641_Caenorhabditis_briggsae	M02063_2.00	Homo_sapiens	T209958_2.00	F223_2.00	TS12_2.00	MS64_2.00	ENSG00000274529	SEBOX	I	Homeodomain	Homeobox	1	0.598692764790911	pTH6520	PBM	Zoo_01	PBM	25215497	None	SimilarityRegression	0	Ensembl	http://www.ensembl.org/	Q9HB31	None
M02078_2.00_ENSCING00000016045_Ciona_intestinalis	M02078_2.00	Homo_sapiens	T209958_2.00	F223_2.00	TS12_2.00	MS64_2.00	ENSG00000274529	SEBOX	I	Homeodomain	Homeobox	1	0.598692764790911	pTH6551	PBM	Zoo_01	PBM	25215497	None	SimilarityRegression	0	Ensembl	http://www.ensembl.org/	Q9HB31	None
M02079_2.00_vsx2_Danio_rerio	M02079_2.00	Homo_sapiens	T209958_2.00	F223_2.00	TS12_2.00	MS64_2.00	ENSG00000274529	SEBOX	I	Homeodomain	Homeobox	1	0.598692764790911	pTH6221	PBM	Zoo_01	PBM	25215497	None	SimilarityRegression	0	Ensembl	http://www.ensembl.org/	Q9HB31	None
M02082_2.00_si.dkey.43p13.5_Danio_rerio	M02082_2.00	Homo_sapiens	T209958_2.00	F223_2.00	TS12_2.00	MS64_2.00	ENSG00000274529	SEBOX	I	Homeodomain	Homeobox	1	0.598692764790911	pTH6636	PBM	Zoo_01	PBM	25215497	None	SimilarityRegression	0	Ensembl	http://www.ensembl.org/	Q9HB31	None
M02097_2.00_Sebox_Mus_musculus	M02097_2.00	Homo_sapiens	T209958_2.00	F223_2.00	TS12_2.00	MS64_2.00	ENSG00000274529	SEBOX	I	Homeodomain	Homeobox	1	0.598692764790911	pTH6379	PBM	Zoo_01	PBM	25215497	None	SimilarityRegression	0	Ensembl	http://www.ensembl.org/	Q9HB31	None
M02101_2.00_Noto_Mus_musculus	M02101_2.00	Homo_sapiens	T209958_2.00	F223_2.00	TS12_2.00	MS64_2.00	ENSG00000274529	SEBOX	I	Homeodomain	Homeobox	1	0.598692764790911	pTH6268	PBM	Zoo_01	PBM	25215497	None	SimilarityRegression	0	Ensembl	http://www.ensembl.org/	Q9HB31	None
M02107_2.00_barx1_Tetraodon_nigroviridis	M02107_2.00	Homo_sapiens	T209958_2.00	F223_2.00	TS12_2.00	MS64_2.00	ENSG00000274529	SEBOX	I	Homeodomain	Homeobox	1	0.598692764790911	pTH6449	PBM	Zoo_01	PBM	25215497	None	SimilarityRegression	0	Ensembl	http://www.ensembl.org/	Q9HB31	None
M02108_2.00_zfhx4_Tetraodon_nigroviridis	M02108_2.00	Homo_sapiens	T209958_2.00	F223_2.00	TS12_2.00	MS64_2.00	ENSG00000274529	SEBOX	I	Homeodomain	Homeobox	1	0.598692764790911	pTH5654	PBM	Zoo_01	PBM	25215497	None	SimilarityRegression	0	Ensembl	http://www.ensembl.org/	Q9HB31	None
M02109_2.00_ENSTNIG00000017092_Tetraodon_nigroviridis	M02109_2.00	Homo_sapiens	T209958_2.00	F223_2.00	TS12_2.00	MS64_2.00	ENSG00000274529	SEBOX	I	Homeodomain	Homeobox	1	0.598692764790911	pTH6064	PBM	Zoo_01	PBM	25215497	None	SimilarityRegression	0	Ensembl	http://www.ensembl.org/	Q9HB31	None
M02111_2.00_uncx_Tetraodon_nigroviridis	M02111_2.00	Homo_sapiens	T209958_2.00	F223_2.00	TS12_2.00	MS64_2.00	ENSG00000274529	SEBOX	I	Homeodomain	Homeobox	1	0.598692764790911	pTH5474	PBM	Zoo_01	PBM	25215497	None	SimilarityRegression	0	Ensembl	http://www.ensembl.org/	Q9HB31	None
M02113_2.00_bsh_Drosophila_melanogaster	M02113_2.00	Homo_sapiens	T209958_2.00	F223_2.00	TS12_2.00	MS64_2.00	ENSG00000274529	SEBOX	I	Homeodomain	Homeobox	1	0.598692764790911	pTH6569	PBM	Zoo_01	PBM	25215497	None	SimilarityRegression	0	Ensembl	http://www.ensembl.org/	Q9HB31	None
M02114_2.00_ems_Drosophila_melanogaster	M02114_2.00	Homo_sapiens	T209958_2.00	F223_2.00	TS12_2.00	MS64_2.00	ENSG00000274529	SEBOX	I	Homeodomain	Homeobox	1	0.598692764790911	pTH5673	PBM	Zoo_01	PBM	25215497	None	SimilarityRegression	0	Ensembl	http://www.ensembl.org/	Q9HB31	None
M02115_2.00_eve_Drosophila_melanogaster	M02115_2.00	Homo_sapiens	T209958_2.00	F223_2.00	TS12_2.00	MS64_2.00	ENSG00000274529	SEBOX	I	Homeodomain	Homeobox	1	0.598692764790911	pTH6436	PBM	Zoo_01	PBM	25215497	None	SimilarityRegression	0	Ensembl	http://www.ensembl.org/	Q9HB31	None
M02116_2.00_Lim3_Drosophila_melanogaster	M02116_2.00	Homo_sapiens	T209958_2.00	F223_2.00	TS12_2.00	MS64_2.00	ENSG00000274529	SEBOX	I	Homeodomain	Homeobox	1	0.598692764790911	pTH6478	PBM	Zoo_01	PBM	25215497	None	SimilarityRegression	0	Ensembl	http://www.ensembl.org/	Q9HB31	None
M02121_2.00_Awh_Drosophila_melanogaster	M02121_2.00	Homo_sapiens	T209958_2.00	F223_2.00	TS12_2.00	MS64_2.00	ENSG00000274529	SEBOX	I	Homeodomain	Homeobox	1	0.598692764790911	pTH5759	PBM	Zoo_01	PBM	25215497	None	SimilarityRegression	0	Ensembl	http://www.ensembl.org/	Q9HB31	None
M02129_2.00_Vsx1_Drosophila_melanogaster	M02129_2.00	Homo_sapiens	T209958_2.00	F223_2.00	TS12_2.00	MS64_2.00	ENSG00000274529	SEBOX	I	Homeodomain	Homeobox	1	0.598692764790911	pTH5821	PBM	Zoo_01	PBM	25215497	None	SimilarityRegression	0	Ensembl	http://www.ensembl.org/	Q9HB31	None
M02130_2.00_Vsx2_Drosophila_melanogaster	M02130_2.00	Homo_sapiens	T209958_2.00	F223_2.00	TS12_2.00	MS64_2.00	ENSG00000274529	SEBOX	I	Homeodomain	Homeobox	1	0.598692764790911	pTH6195	PBM	Zoo_01	PBM	25215497	None	SimilarityRegression	0	Ensembl	http://www.ensembl.org/	Q9HB31	None
M02150_2.00_NEMVEDRAFT_v1g205636_Nematostella_vectensis	M02150_2.00	Homo_sapiens	T209958_2.00	F223_2.00	TS12_2.00	MS64_2.00	ENSG00000274529	SEBOX	I	Homeodomain	Homeobox	1	0.598692764790911	pTH5491	PBM	Zoo_01	PBM	25215497	None	SimilarityRegression	0	Ensembl	http://www.ensembl.org/	Q9HB31	None
